@article{Bowtell2015Rethinking,
	author = {Bowtell, David D. and B{\" o}hm, Steffen and Ahmed, Ahmed A. and Aspuria, Paul-Joseph and Bast, Robert C. and Beral, Valerie and Berek, Jonathan S. and Birrer, Michael J. and Blagden, Sarah and Bookman, Michael A. and Brenton, James and Chiappinelli, Katherine B. and Martins, Filipe Correia and Coukos, George and Drapkin, Ronny and Edmondson, Richard and Fotopoulou, Christina and Gabra, Hani and Galon, J{\' e}r{\^ o}me and Gourley, Charlie and Heong, Valerie and Huntsman, David G. and Iwanicki, Marcin and Karlan, Beth Y. and Kaye, Allyson and Lengyel, Ernst and Levine, Douglas A. and Lu, Karen H. and McNeish, Iain A. and Menon, Usha and Narod, Steve A. and Nelson, Brad H. and Nephew, Kenneth P. and Pharoah, Paul and Powell, Daniel J. and Ramos, Pilar and Romero, Iris L. and Scott, Clare L. and Sood, Anil K. and Stronach, Euan A. and Balkwill, Frances R.},
	journal = {Nature reviews. Cancer},
	doi = {10.1038/nrc4019},
	issn = {1474-175X},
	number = {11},
	year = {2015},
	month = {11},
	note = {PMID: 26493647
PMCID: PMC4892184},
	pages = {668--679},
	title = {Rethinking ovarian cancer {II}: reducing mortality from high-grade serous ovarian cancer},
	volume = {15},
}
@article{Kurman2016Dualistic,
	author = {Kurman, Robert J. and Shih, Ie-Ming},
	journal = {The American Journal of Pathology},
	doi = {10.1016/j.ajpath.2015.11.011},
	issn = {1525-2191},
	number = {4},
	year = {2016},
	month = {4},
	note = {PMID: 27012190
PMCID: PMC5808151},
	pages = {733--747},
	title = {The {Dualistic} {Model} of {Ovarian} {Carcinogenesis}: Revisited, {Revised}, and {Expanded}},
	volume = {186},
}
@article{Patch2015Wholegenome,
	author = {Patch, Ann-Marie and Christie, Elizabeth L. and Etemadmoghadam, Dariush and Garsed, Dale W. and George, Joshy and Fereday, Sian and Nones, Katia and Cowin, Prue and Alsop, Kathryn and Bailey, Peter J. and Kassahn, Karin S. and Newell, Felicity and Quinn, Michael C. J. and Kazakoff, Stephen and Quek, Kelly and Wilhelm-Benartzi, Charlotte and Curry, Ed and Leong, Huei San and Hamilton, Anne and Mileshkin, Linda and Au-Yeung, George and Kennedy, Catherine and Hung, Jillian and Chiew, Yoke-Eng and Harnett, Paul and Friedlander, Michael and Quinn, Michael and Pyman, Jan and Cordner, Stephen and O\textquoteright{}Brien, Patricia and Leditschke, Jodie and Young, Greg and Strachan, Kate and Waring, Paul and Azar, Walid and Mitchell, Chris and Traficante, Nadia and Hendley, Joy and Thorne, Heather and Shackleton, Mark and Miller, David K. and Arnau, Gisela Mir and Tothill, Richard W. and Holloway, Timothy P. and Semple, Timothy and Harliwong, Ivon and Nourse, Craig and Nourbakhsh, Ehsan and Manning, Suzanne and Idrisoglu, Senel and Bruxner, Timothy J. C. and Christ, Angelika N. and Poudel, Barsha and Holmes, Oliver and Anderson, Matthew and Leonard, Conrad and Lonie, Andrew and Hall, Nathan and Wood, Scott and Taylor, Darrin F. and Xu, Qinying and Fink, J. Lynn and Waddell, Nick and Drapkin, Ronny and Stronach, Euan and Gabra, Hani and Brown, Robert and Jewell, Andrea and Nagaraj, Shivashankar H. and Markham, Emma and Wilson, Peter J. and Ellul, Jason and McNally, Orla and Doyle, Maria A. and Vedururu, Ravikiran and Stewart, Collin and Lengyel, Ernst and Pearson, John V. and Waddell, Nicola and deFazio, Anna and Grimmond, Sean M. and Bowtell, David D. L.},
	journal = {Nature},
	doi = {10.1038/nature14410},
	issn = {1476-4687},
	number = {7553},
	year = {2015},
	month = {5},
	note = {publisher: Nature Publishing Group},
	pages = {489--494},
	title = {Whole--genome characterization of chemoresistant ovarian cancer},
	volume = {521},
}
@article{Lisio2019High,
	author = {Lisio, Michael-Antony and Fu, Lili and Goyeneche, Alicia and Gao, Zu-Hua and Telleria, Carlos},
	journal = {International Journal of Molecular Sciences},
	doi = {10.3390/ijms20040952},
	issn = {1422-0067},
	number = {4},
	year = {2019},
	month = {feb 22},
	note = {PMID: 30813239
PMCID: PMC6412907},
	pages = {952},
	title = {High-{Grade} {Serous} {Ovarian} {Cancer}: Basic {Sciences}, {Clinical} and {Therapeutic} {Standpoints}},
	volume = {20},
}
@article{Kim2018Cell,
	author = {Kim, Jaeyeon and Park, Eun Young and Kim, Olga and Schilder, Jeanne M. and Coffey, Donna M. and Cho, Chi-Heum and Bast, Robert C.},
	journal = {Cancers},
	doi = {10.3390/cancers10110433},
	issn = {2072-6694},
	number = {11},
	year = {2018},
	month = {11},
	note = {number: 11
publisher: Multidisciplinary Digital Publishing Institute},
	pages = {433},
	title = {Cell {Origins} of {High}-{Grade} {Serous} {Ovarian} {Cancer}},
	volume = {10},
}
@article{Shih2021Origin,
	author = {Shih, Ie-Ming and Wang, Yeh and Wang, Tian-Li},
	journal = {The American Journal of Pathology},
	doi = {10.1016/j.ajpath.2020.09.006},
	issn = {0002-9440},
	number = {1},
	year = {2021},
	month = {jan 1},
	pages = {26--39},
	title = {The {Origin} of {Ovarian} {Cancer} {Species} and {Precancerous} {Landscape}},
	volume = {191},
}
@article{Kindelberger2007Intraepithelial,
	author = {Kindelberger, David W. and Lee, Yonghee and Miron, Alexander and Hirsch, Michelle S. and Feltmate, Colleen and Medeiros, Fabiola and Callahan, Michael J. and Garner, Elizabeth O. and Gordon, Robert W. and Birch, Chandler and Berkowitz, Ross S. and Muto, Michael G. and Crum, Christopher P.},
	journal = {The American Journal of Surgical Pathology},
	doi = {10.1097/01.pas.0000213335.40358.47},
	issn = {0147-5185},
	number = {2},
	year = {2007},
	month = {2},
	note = {PMID: 17255760},
	pages = {161--169},
	title = {Intraepithelial carcinoma of the fimbria and pelvic serous carcinoma: Evidence for a causal relationship},
	volume = {31},
}
@article{Folkins2008candidate,
	author = {Folkins, Ann K. and Jarboe, Elke A. and Saleemuddin, Aasia and Lee, Yonghee and Callahan, Michael J. and Drapkin, Ronny and Garber, Judy E. and Muto, Michael G. and Tworoger, Shelley and Crum, Christopher P.},
	journal = {Gynecologic Oncology},
	doi = {10.1016/j.ygyno.2008.01.012},
	issn = {1095-6859},
	number = {2},
	year = {2008},
	month = {5},
	note = {PMID: 18342932
PMCID: PMC2746001},
	pages = {168--173},
	title = {A candidate precursor to pelvic serous cancer (p53 signature) and its prevalence in ovaries and fallopian tubes from women with {BRCA} mutations},
	volume = {109},
}
@article{Kurman2010Origin,
	author = {Kurman, Robert J. and Shih, Ie-Ming},
	journal = {The American journal of surgical pathology},
	doi = {10.1097/PAS.0b013e3181cf3d79},
	issn = {0147-5185},
	number = {3},
	year = {2010},
	month = {3},
	note = {PMID: 20154587
PMCID: PMC2841791},
	pages = {433--443},
	title = {The {Origin} and {Pathogenesis} of {Epithelial} {Ovarian} {Cancer}- a {Proposed} {Unifying} {Theory}},
	volume = {34},
}
@article{Carlson2010Serous,
	author = {Carlson, Joseph W. and Jarboe, Elke A. and Kindelberger, David and Nucci, Marisa R. and Hirsch, Michelle S. and Crum, Christopher P.},
	journal = {International Journal of Gynecological Pathology: Official Journal of the International Society of Gynecological Pathologists},
	doi = {10.1097/PGP.0b013e3181c713a8},
	issn = {1538-7151},
	number = {4},
	year = {2010},
	month = {7},
	note = {PMID: 20567141},
	pages = {310--314},
	title = {Serous tubal intraepithelial carcinoma: diagnostic reproducibility and its implications},
	volume = {29},
}
@article{Erickson2013role,
	author = {Erickson, Britt K. and Conner, Michael G. and Landen, Charles N.},
	journal = {American journal of obstetrics and gynecology},
	doi = {10.1016/j.ajog.2013.04.019},
	issn = {0002-9378},
	number = {5},
	year = {2013},
	month = {11},
	note = {PMID: 23583217
PMCID: PMC3937451},
	pages = {409--414},
	title = {The role of the fallopian tube in the origin of ovarian cancer},
	volume = {209},
}
@article{Piek2001Dysplastic,
	author = {Piek, Jurgen M. J. and van Diest, Paul J. and Zweemer, Ronald P. and Jansen, Jan W. and Poort-Keesom, Ria J. J. and Menko, Fred H. and Gille, Johan J. P. and Jongsma, Ans P. M. and Pals, Gerard and Kenemans, Peter and Verheijen, Ren{\' e} H. M.},
	journal = {The Journal of Pathology},
	doi = {10.1002/path.1000},
	issn = {1096-9896},
	number = {4},
	year = {2001},
	note = {\textunderscore{}eprint: https://pathsocjournals.onlinelibrary.wiley.com/doi/pdf/10.1002/path.1000},
	pages = {451--456},
	title = {Dysplastic changes in prophylactically removed {Fallopian} tubes of women predisposed to developing ovarian cancer},
	volume = {195},
}
@article{Labidi2017High,
	author = {Labidi-Galy, S. Intidhar and Papp, Eniko and Hallberg, Dorothy and Niknafs, Noushin and Adleff, Vilmos and Noe, Michael and Bhattacharya, Rohit and Novak, Marian and Jones, Si{\^ a}n and Phallen, Jillian and Hruban, Carolyn A. and Hirsch, Michelle S. and Lin, Douglas I. and Schwartz, Lauren and Maire, Cecile L. and Tille, Jean-Christophe and Bowden, Michaela and Ayhan, Ayse and Wood, Laura D. and Scharpf, Robert B. and Kurman, Robert and Wang, Tian-Li and Shih, Ie-Ming and Karchin, Rachel and Drapkin, Ronny and Velculescu, Victor E.},
	journal = {Nature Communications},
	doi = {10.1038/s41467-017-00962-1},
	issn = {2041-1723},
	number = {1},
	year = {2017},
	month = {oct 23},
	note = {publisher: Nature Publishing Group},
	pages = {1093},
	title = {High grade serous ovarian carcinomas originate in the fallopian tube},
	volume = {8},
}
@article{Wu2019Genomic,
	author = {Wu, Ren-Chin and Wang, Pei and Lin, Shiou-Fu and Zhang, Ming and Song, Qianqian and Chu, Tiffany and Wang, Brant G and Kurman, Robert J and Vang, Russell and Kinzler, Kenneth and Tomasetti, Cristian and Jiao, Yuchen and Shih, Ie-Ming and Wang, Tian-Li},
	journal = {The Journal of Pathology},
	doi = {10.1002/path.5219},
	issn = {1096-9896},
	number = {1},
	year = {2019},
	note = {\textunderscore{}eprint: https://pathsocjournals.onlinelibrary.wiley.com/doi/pdf/10.1002/path.5219},
	pages = {41--50},
	title = {Genomic landscape and evolutionary trajectories of ovarian cancer precursor lesions},
	volume = {248},
}
@article{Kuhn2012TP53,
	author = {Kuhn, Elisabetta and Kurman, Robert J and Vang, Russell and Sehdev, Ann Smith and Han, Guangming and Soslow, Robert and Wang, Tian-Li and Shih, Ie-Ming},
	journal = {The Journal of Pathology},
	doi = {10.1002/path.3023},
	issn = {1096-9896},
	number = {3},
	year = {2012},
	note = {\textunderscore{}eprint: https://pathsocjournals.onlinelibrary.wiley.com/doi/pdf/10.1002/path.3023},
	pages = {421--426},
	title = {TP53 mutations in serous tubal intraepithelial carcinoma and concurrent pelvic high-grade serous carcinoma---evidence supporting the clonal relationship of the two lesions},
	volume = {226},
}
@article{Labidi2017High,
	author = {Labidi-Galy, S. Intidhar and Papp, Eniko and Hallberg, Dorothy and Niknafs, Noushin and Adleff, Vilmos and Noe, Michael and Bhattacharya, Rohit and Novak, Marian and Jones, Si{\^ a}n and Phallen, Jillian and Hruban, Carolyn A. and Hirsch, Michelle S. and Lin, Douglas I. and Schwartz, Lauren and Maire, Cecile L. and Tille, Jean-Christophe and Bowden, Michaela and Ayhan, Ayse and Wood, Laura D. and Scharpf, Robert B. and Kurman, Robert and Wang, Tian-Li and Shih, Ie-Ming and Karchin, Rachel and Drapkin, Ronny and Velculescu, Victor E.},
	journal = {Nature Communications},
	doi = {10.1038/s41467-017-00962-1},
	issn = {2041-1723},
	number = {1},
	year = {2017},
	month = {oct 23},
	note = {publisher: Nature Publishing Group},
	pages = {1093},
	title = {High grade serous ovarian carcinomas originate in the fallopian tube},
	volume = {8},
}
@article{Zhang2019Both,
	author = {Zhang, Shuang and Dolgalev, Igor and Zhang, Tao and Ran, Hao and Levine, Douglas A. and Neel, Benjamin G.},
	journal = {Nature Communications},
	doi = {10.1038/s41467-019-13116-2},
	issn = {2041-1723},
	number = {1},
	year = {2019},
	month = {nov 26},
	note = {publisher: Nature Publishing Group},
	pages = {5367},
	title = {Both fallopian tube and ovarian surface epithelium are cells-of-origin for high-grade serous ovarian carcinoma},
	volume = {10},
}
@article{McDaniel2015Next,
	author = {McDaniel, Andrew S. and Stall, Jennifer N. and Hovelson, Daniel H. and Cani, Andi K. and Liu, Chia-Jen and Tomlins, Scott A. and Cho, Kathleen R.},
	journal = {JAMA Oncology},
	doi = {10.1001/jamaoncol.2015.1618},
	issn = {2374-2437},
	number = {8},
	year = {2015},
	month = {nov 1},
	pages = {1128--1132},
	title = {Next-{Generation} {Sequencing} of {Tubal} {Intraepithelial} {Carcinomas}},
	volume = {1},
}
@article{Anand2021Single,
	author = {Anand, Praveen and Guillaumet-Adkins, Amy and Dimitrova, Valeriya and Yun, Huiyoung and Drier, Yotam and Sotudeh, Noori and Rogers, Anna and Ouseph, Madhu M. and Nair, Monica and Potdar, Sayalee and Isenhart, Randi and Kloeber, Jake A. and Vijaykumar, Tushara and Niu, Leili and Vincent, Tiffaney and Guo, Guangwu and Frede, Julia and Harris, Marian H. and Place, Andrew E. and Silverman, Lewis B. and Teachey, David T. and Lane, Andrew A. and DeAngelo, Daniel J. and Aster, Jon C. and Bernstein, Bradley E. and Lohr, Jens G. and Knoechel, Birgit},
	journal = {Blood},
	doi = {10.1182/blood.2019004547},
	issn = {1528-0020},
	number = {18},
	year = {2021},
	month = {may 6},
	note = {PMID: 33227818
PMCID: PMC8109012},
	pages = {2463--2480},
	title = {Single-cell {RNA}-seq reveals developmental plasticity with coexisting oncogenic states and immune evasion programs in {ETP}-{ALL}},
	volume = {137},
}
@article{Wang2022Spatial,
	author = {Wang, Yeh and Huang, Peng and Wang, Brant G. and Murdock, Tricia and Cope, Leslie and Hsu, Fang-Chi and Wang, Tian-Li and Shih, Ie-Ming},
	journal = {Cancer Research},
	doi = {10.1158/0008-5472.CAN-22-1620},
	issn = {1538-7445},
	number = {24},
	year = {2022},
	month = {dec 16},
	note = {PMID: 36206311
PMCID: PMC9808976},
	pages = {4528--4541},
	title = {Spatial {Transcriptomic} {Analysis} of {Ovarian} {Cancer} {Precursors} {Reveals} {Reactivation} of {IGFBP2} during {Pathogenesis}},
	volume = {82},
}
@article{Wang2024Aneuploidy,
	author = {Wang, Yeh and Douville, Christopher and Chien, Yen-Wei and Wang, Brant G. and Chen, Chi-Long and Pinto, Andre and Smith, Saron Ann and Drapkin, Ronny and Chui, M. Herman and Numan, Tricia and Vang, Russell and Papadopoulos, Nickolas and Wang, Tian-Li and Shih, Ie-Ming},
	journal = {Clinical Cancer Research: An Official Journal of the American Association for Cancer Research},
	doi = {10.1158/1078-0432.CCR-23-0932},
	issn = {1557-3265},
	number = {3},
	year = {2024},
	month = {feb 1},
	note = {PMID: 38048050},
	pages = {600--615},
	title = {Aneuploidy {Landscape} in {Precursors} of {Ovarian} {Cancer}},
	volume = {30},
}
@article{Pisanic2020Methylomic,
	author = {Pisanic, II, Thomas R. and Wang, Yeh and Sun, Hanru and Considine, Michael and Li, Lihong and Wang, Tza-Huei and Wang, Tian-Li and Shih, Ie-Ming},
	journal = {Clinical Cancer Research},
	doi = {10.1158/1078-0432.CCR-20-0270},
	issn = {1078-0432},
	number = {23},
	year = {2020},
	month = {dec 1},
	pages = {6310--6320},
	title = {Methylomic {Landscapes} of {Ovarian} {Cancer} {Precursor} {Lesions}},
	volume = {26},
}
@article{Kurman2008Pathogenesis,
	author = {Kurman, Robert J. and Shih, Ie-Ming},
	journal = {International journal of gynecological pathology : official journal of the International Society of Gynecological Pathologists},
	doi = {10.1097/PGP.0b013e318161e4f5},
	issn = {0277-1691},
	number = {2},
	year = {2008},
	month = {4},
	note = {PMID: 18317228
PMCID: PMC2794425},
	pages = {151--160},
	title = {Pathogenesis of {Ovarian} {Cancer}. {Lessons} from {Morphology} and {Molecular} {Biology} and their {Clinical} {Implications}},
	volume = {27},
}
@article{Liberto2022Current,
	author = {Liberto, Juliane M. and Chen, Sheng-Yin and Shih, Ie-Ming and Wang, Tza-Huei and Wang, Tian-Li and Pisanic, Thomas R.},
	journal = {Cancers},
	doi = {10.3390/cancers14122885},
	issn = {2072-6694},
	number = {12},
	year = {2022},
	month = {1},
	note = {number: 12
publisher: Multidisciplinary Digital Publishing Institute},
	pages = {2885},
	title = {Current and {Emerging} {Methods} for {Ovarian} {Cancer} {Screening} and {Diagnostics}: A {Comprehensive} {Review}},
	volume = {14},
}
@article{Jones2017Genetic,
	author = {Jones, Michelle R. and Kamara, Daniella and Karlan, Beth Y. and Pharoah, Paul D. P. and Gayther, Simon A.},
	journal = {Gynecologic Oncology},
	doi = {10.1016/j.ygyno.2017.10.001},
	issn = {0090-8258},
	number = {3},
	year = {2017},
	month = {dec 1},
	pages = {705--713},
	title = {Genetic epidemiology of ovarian cancer and prospects for polygenic risk prediction},
	volume = {147},
}
@article{Kauff2002Risk,
	author = {Kauff, Noah D. and Satagopan, Jaya M. and Robson, Mark E. and Scheuer, Lauren and Hensley, Martee and Hudis, Clifford A. and Ellis, Nathan A. and Boyd, Jeff and Borgen, Patrick I. and Barakat, Richard R. and Norton, Larry and Castiel, Mercedes and Nafa, Khedoudja and Offit, Kenneth},
	journal = {The New England Journal of Medicine},
	doi = {10.1056/NEJMoa020119},
	issn = {1533-4406},
	number = {21},
	year = {2002},
	month = {may 23},
	note = {PMID: 12023992},
	pages = {1609--1615},
	title = {Risk-reducing salpingo-oophorectomy in women with a {BRCA1} or {BRCA2} mutation},
	volume = {346},
}
@article{Eckert2016Genomics,
	author = {Eckert, Mark A. and Pan, Shawn and Hernandez, Kyle M. and Loth, Rachel M. and Andrade, Jorge and Volchenboum, Samuel L. and Faber, Pieter and Montag, Anthony and Lastra, Ricardo and Peter, Marcus E. and Yamada, S. Diane and Lengyel, Ernst},
	journal = {Cancer discovery},
	doi = {10.1158/2159-8290.CD-16-0607},
	issn = {2159-8274},
	number = {12},
	year = {2016},
	month = {12},
	note = {PMID: 27856443
PMCID: PMC5164915},
	pages = {1342--1351},
	title = {Genomics of ovarian cancer progression reveals diverse metastatic trajectories including intraepithelial metastasis to the fallopian tube},
	volume = {6},
}
@article{Kuchenbaecker2017Risks,
	author = {Kuchenbaecker, Karoline B. and Hopper, John L. and Barnes, Daniel R. and Phillips, Kelly-Anne and Mooij, Thea M. and Roos-Blom, Marie-Jos{\' e} and Jervis, Sarah and van Leeuwen, Flora E. and Milne, Roger L. and Andrieu, Nadine and Goldgar, David E. and Terry, Mary Beth and Rookus, Matti A. and Easton, Douglas F. and Antoniou, Antonis C. and {and the BRCA1 and BRCA2 Cohort Consortium}},
	journal = {JAMA},
	doi = {10.1001/jama.2017.7112},
	issn = {0098-7484},
	number = {23},
	year = {2017},
	month = {jun 20},
	pages = {2402--2416},
	title = {Risks of {Breast}, {Ovarian}, and {Contralateral} {Breast} {Cancer} for {BRCA1} and {BRCA2} {Mutation} {Carriers}},
	volume = {317},
}
@article{Collins2011tubal,
	author = {Collins, Ian M. and Domchek, Susan M. and Huntsman, David G. and Mitchell, Gillian},
	journal = {The Lancet. Oncology},
	doi = {10.1016/S1470-2045(11)70222-4},
	issn = {1474-5488},
	number = {12},
	year = {2011},
	month = {11},
	note = {PMID: 21868285},
	pages = {1089--1091},
	title = {The tubal hypothesis of ovarian cancer: caution needed},
	volume = {12},
}
@article{Chambers2022Is,
	author = {Chambers, Laura M. and O'Malley, David M. and Coleman, Robert L. and Herzog, Thomas J.},
	journal = {American Journal of Obstetrics and Gynecology},
	doi = {10.1016/j.ajog.2022.05.047},
	issn = {1097-6868},
	number = {5},
	year = {2022},
	month = {11},
	note = {PMID: 35640700},
	pages = {728--734},
	title = {Is there a "low-risk" patient population in advanced epithelial ovarian cancer?: a critical analysis},
	volume = {227},
}
@article{Vang2012Validation,
	author = {Vang, Russell and Visvanathan, Kala and Gross, Amy and Maambo, Emily and Gupta, Mamta and Kuhn, Elisabetta and Li, Rose Fanghong and Ronnett, Brigitte M. and Seidman, Jeffrey D. and Yemelyanova, Anna and Shih, Ie-Ming and Shaw, Patricia A. and Soslow, Robert A. and Kurman, Robert J.},
	journal = {International Journal of Gynecological Pathology},
	doi = {10.1097/PGP.0b013e31823b8831},
	issn = {0277-1691},
	number = {3},
	year = {2012},
	month = {5},
	pages = {243},
	title = {Validation of an {Algorithm} for the {Diagnosis} of {Serous} {Tubal} {Intraepithelial} {Carcinoma}},
	volume = {31},
}
@article{Negri2024Diagnosis,
	author = {Negri, Serena and Fisch, Charlotte and de Hullu, Joanne A. and van Bommel, Majke and Simons, Michiel and Bogaerts, Joep and Focusgroup, Consortium STIC and Hermens, Rosella P. M. G. and Steenbeek, Miranda P.},
	journal = {BJOG: An International Journal of Obstetrics \& Gynaecology},
	doi = {10.1111/1471-0528.17919},
	issn = {1471-0528},
	number = {13},
	year = {2024},
	note = {\textunderscore{}eprint: https://obgyn.onlinelibrary.wiley.com/doi/pdf/10.1111/1471-0528.17919},
	pages = {1851--1861},
	title = {Diagnosis and management of isolated serous tubal intraepithelial carcinoma: A qualitative focus group study},
	volume = {131},
}
@article{Medeiros2006tubal,
	author = {Medeiros, Fabiola and Muto, Michael G. and Lee, Yonghee and Elvin, Julia A. and Callahan, Michael J. and Feltmate, Colleen and Garber, Judy E. and Cramer, Daniel W. and Crum, Christopher P.},
	journal = {The American Journal of Surgical Pathology},
	doi = {10.1097/01.pas.0000180854.28831.77},
	issn = {0147-5185},
	number = {2},
	year = {2006},
	month = {2},
	note = {PMID: 16434898},
	pages = {230--236},
	title = {The tubal fimbria is a preferred site for early adenocarcinoma in women with familial ovarian cancer syndrome},
	volume = {30},
}
@article{Lamb2006Predictors,
	author = {Lamb, Julie D. and Garcia, Rochelle L. and Goff, Barbara A. and Paley, Pamela J. and Swisher, Elizabeth M.},
	journal = {American Journal of Obstetrics and Gynecology},
	doi = {10.1016/j.ajog.2006.03.006},
	issn = {0002-9378},
	number = {6},
	year = {2006},
	month = {jun 1},
	pages = {1702--1709},
	title = {Predictors of occult neoplasia in women undergoing risk-reducing salpingo-oophorectomy},
	volume = {194},
}
@article{Mahe2013Do,
	author = {Mahe, Etienne and Tang, Shangguo and Deb, Pratima and Sur, Monalisa and Lytwyn, Alice and Daya, Dean},
	journal = {International Journal of Gynecological Pathology},
	doi = {10.1097/PGP.0b013e318264ae09},
	issn = {0277-1691},
	number = {4},
	year = {2013},
	month = {7},
	pages = {353},
	title = {Do {Deeper} {Sections} {Increase} the {Frequency} of {Detection} of {Serous} {Tubal} {Intraepithelial} {Carcinoma} ({STIC}) in the ``{Sectioning} and {Extensively} {Examining} the {FIMbriated} {End}'' ({SEE}-{FIM}) {Protocol}?},
	volume = {32},
}
@article{Bogaerts2022Recommendations,
	author = {Bogaerts, Joep M. A. and Steenbeek, Miranda P. and van Bommel, Majke H. D. and Bulten, Johan and van der Laak, Jeroen A. W. M. and de Hullu, Joanne A. and Simons, Michiel},
	journal = {Virchows Archiv},
	doi = {10.1007/s00428-021-03244-w},
	issn = {0945-6317},
	number = {4},
	year = {2022},
	note = {PMID: 34850262
PMCID: PMC9023413},
	pages = {725--737},
	title = {Recommendations for diagnosing {STIC}: a systematic review and meta-analysis},
	volume = {480},
}
@article{Vang2013Fallopian,
	author = {Vang, Russell and Shih, Ie-Ming and Kurman, Robert J},
	journal = {Histopathology},
	doi = {10.1111/his.12046},
	issn = {1365-2559},
	number = {1},
	year = {2013},
	note = {\textunderscore{}eprint: https://onlinelibrary.wiley.com/doi/pdf/10.1111/his.12046},
	pages = {44--58},
	title = {Fallopian tube precursors of ovarian low- and high-grade serous neoplasms},
	volume = {62},
}
@article{Akahane2022TP53,
	author = {Akahane, Tomoko and Masuda, Kenta and Hirasawa, Akira and Kobayashi, Yusuke and Ueki, Arisa and Kawaida, Miho and Misu, Kumiko and Nakamura, Kohei and Nagai, Shimpei and Chiyoda, Tatsuyuki and Yamagami, Wataru and Hayashi, Shigenori and Kataoka, Fumio and Banno, Kouji and Sugano, Kokichi and Okita, Hajime and Kosaki, Kenjiro and Nishihara, Hiroshi and Aoki, Daisuke},
	journal = {Journal of Gynecologic Oncology},
	doi = {10.3802/jgo.2022.33.e50},
	issn = {2005-0380},
	number = {4},
	year = {2022},
	month = {mar 21},
	note = {PMID: 35557033
PMCID: PMC9250861},
	pages = {e50},
	title = {TP53 variants in p53 signatures and the clonality of {STICs} in {RRSO} samples},
	volume = {33},
}
@article{Kiemen2024PanIN,
	author = {Kiemen, Ashley L. and Dequiedt, Lucie and Shen, Yu and Zhu, Yutong and Matos-Romero, Valentina and Forjaz, Andr{\' e} and Campbell, Kurtis and Dhana, Will and Cornish, Toby and Braxton, Alicia M. and Wu, Pei-Hsun and Fishman, Elliot K. and Wood, Laura D. and Wirtz, Denis and Hruban, Ralph H.},
	journal = {The American Journal of Surgical Pathology},
	doi = {10.1097/PAS.0000000000002245},
	issn = {0147-5185},
	number = {7},
	year = {2024},
	month = {7},
	pages = {839},
	title = {PanIN or {IPMN}? {Redefining} {Lesion} {Size} in 3 {Dimensions}},
	volume = {48},
}
@article{Chen2017Serous,
	author = {Chen, F and Gaitskell, K and Garcia, Mj and Albukhari, A and Tsaltas, J and Ahmed, Aa},
	journal = {BJOG: An International Journal of Obstetrics \& Gynaecology},
	doi = {10.1111/1471-0528.14543},
	issn = {1471-0528},
	number = {6},
	year = {2017},
	note = {\textunderscore{}eprint: https://obgyn.onlinelibrary.wiley.com/doi/pdf/10.1111/1471-0528.14543},
	pages = {872--878},
	title = {Serous tubal intraepithelial carcinomas associated with high-grade serous ovarian carcinomas: a systematic review},
	volume = {124},
}
@article{Wethington2013Clinical,
	author = {Wethington, Stephanie L. and Park, Kay J. and Soslow, Robert A. and Kauff, Noah D. and Brown, Carol L. and Dao, Fanny and Otegbeye, Ebunoluwa and Sonoda, Yukio and Abu-Rustum, Nadeem R. and Barakat, Richard R. and Levine, Douglas A. and Gardner, Ginger J.},
	journal = {International Journal of Gynecological Cancer},
	doi = {10.1097/IGC.0b013e3182a80ac8},
	issn = {1048-891X},
	number = {9},
	year = {2013},
	month = {nov 1},
	pages = {1603--1611},
	title = {Clinical {Outcome} of {Isolated} {Serous} {Tubal} {Intraepithelial} {Carcinomas} ({STIC})},
	volume = {23},
}
@article{Visvanathan2018Fallopian,
	author = {Visvanathan, Kala and Shaw, Patricia and May, Betty J. and Bahadirli-Talbott, Asli and Kaushiva, Alpana and Risch, Harvey and Narod, Steven and Wang, Tian-Li and Parkash, Vinita and Vang, Russell and Levine, Douglas A. and Soslow, Robert and Kurman, Robert and Shih, Ie-Ming},
	journal = {Cancer Prevention Research},
	doi = {10.1158/1940-6207.CAPR-18-0009},
	issn = {1940-6207},
	number = {11},
	year = {2018},
	month = {nov 1},
	pages = {697--706},
	title = {Fallopian {Tube} {Lesions} in {Women} at {High} {Risk} for {Ovarian} {Cancer}: A {Multicenter} {Study}},
	volume = {11},
}
@article{Meserve2017Frequency,
	author = {Meserve, Emily E. K. and Mirkovic, J. and Conner, J. and Yang, Eric J. and Muto, M. and Horowitz, N. and Strickland, K. and Howitt, B. and Crum, C.},
	journal = {Gynecologic oncology},
	doi = {10.1016/j.ygyno.2017.04.015},
	year = {2017},
	pages = {69--73},
	title = {Frequency of "incidental" serous tubal intraepithelial carcinoma ({STIC}) in women without a history of or genetic risk factor for high-grade serous carcinoma: A six-year study.},
	volume = {146 1},
}
@article{Rabban2014Early,
	author = {Rabban, Joseph T. and Garg, Karuna and Crawford, Beth and Chen, Lee-may and Zaloudek, Charles J.},
	journal = {The American Journal of Surgical Pathology},
	doi = {10.1097/PAS.0000000000000199},
	issn = {1532-0979},
	number = {6},
	year = {2014},
	month = {6},
	note = {PMID: 24820399},
	pages = {729--742},
	title = {Early detection of high-grade tubal serous carcinoma in women at low risk for hereditary breast and ovarian cancer syndrome by systematic examination of fallopian tubes incidentally removed during benign surgery},
	volume = {38},
}
@article{Samimi2018Population,
	author = {Samimi, Goli and Trabert, Britton and Geczik, Ashley M and Duggan, M{\' a}ire A and Sherman, Mark E},
	journal = {JNCI Cancer Spectrum},
	doi = {10.1093/jncics/pky061},
	issn = {2515-5091},
	number = {4},
	year = {2018},
	month = {oct 1},
	pages = {pky061},
	title = {Population {Frequency} of {Serous} {Tubal} {Intraepithelial} {Carcinoma} ({STIC}) in {Clinical} {Practice} {Using} {SEE}-{Fim} {Protocol}},
	volume = {2},
}
@article{Morrison2015Incidental,
	author = {Morrison, Jane C. and Blanco, Luis Z. and Vang, Russell and Ronnett, Brigitte M.},
	journal = {The American Journal of Surgical Pathology},
	doi = {10.1097/PAS.0000000000000352},
	issn = {1532-0979},
	number = {4},
	year = {2015},
	month = {4},
	note = {PMID: 25517955},
	pages = {442--453},
	title = {Incidental serous tubal intraepithelial carcinoma and early invasive serous carcinoma in the nonprophylactic setting: analysis of a case series},
	volume = {39},
}
@article{Forjaz2025Three,
	author = {Forjaz, Andr{\' e} and Vaz, Eduarda and Romero, Valentina Matos and Joshi, Saurabh and Queiroga, Vasco and Braxton, Alicia M. and Jiang, Ann C. and Fujikura, Kohei and Cornish, Toby and Hong, Seung-Mo and Hruban, Ralph H. and Wu, Pei-Hsun and Wood, Laura D. and Kiemen, Ashley L. and Wirtz, Denis},
	journal = {Cell Reports Methods},
	doi = {10.1016/j.crmeth.2025.101075},
	issn = {2667-2375},
	number = {6},
	year = {2025},
	month = {jun 16},
	pages = {101075},
	title = {Three-dimensional assessments are necessary to determine the true, spatially resolved composition of tissues},
	volume = {5},
}
@article{Liu2023Engineering,
	author = {Liu, Jonathan TC and Chow, Sarah SL and Colling, Richard and Downes, Michelle R and Farr{\' e}, Xavier and Humphrey, Peter and Janowczyk, Andrew and Mirtti, Tuomas and Verrill, Clare and Zlobec, Inti and True, Lawrence D},
	journal = {The Journal of Pathology: Clinical Research},
	doi = {10.1002/cjp2.347},
	issn = {2056-4538},
	number = {1},
	year = {2023},
	month = {nov 2},
	note = {PMID: 37919231
PMCID: PMC10807588},
	pages = {e347},
	title = {Engineering the future of 3D pathology},
	volume = {10},
}
@article{Song2024Analysis,
	author = {Song, Andrew H. and Williams, Mane and Williamson, Drew F. K. and Chow, Sarah S. L. and Jaume, Guillaume and Gao, Gan and Zhang, Andrew and Chen, Bowen and Baras, Alexander S. and Serafin, Robert and Colling, Richard and Downes, Michelle R. and Farr{\' e}, Xavier and Humphrey, Peter and Verrill, Clare and True, Lawrence D. and Parwani, Anil V. and Liu, Jonathan T. C. and Mahmood, Faisal},
	journal = {Cell},
	doi = {10.1016/j.cell.2024.03.035},
	issn = {0092-8674, 1097-4172},
	number = {10},
	year = {2024},
	month = {may 9},
	note = {publisher: Elsevier
PMID: 38729110},
	pages = {2502--2520.e17},
	title = {Analysis of 3D pathology samples using weakly supervised {AI}},
	volume = {187},
}
@article{Lin2023Multiplexed,
	author = {Lin, Jia-Ren and Wang, Shu and Coy, Shannon and Chen, Yu-An and Yapp, Clarence and Tyler, Madison and Nariya, Maulik K. and Heiser, Cody N. and Lau, Ken S. and Santagata, Sandro and Sorger, Peter K.},
	journal = {Cell},
	doi = {10.1016/j.cell.2022.12.028},
	issn = {0092-8674},
	number = {2},
	year = {2023},
	month = {jan 19},
	note = {PMID: 36669472
PMCID: PMC10019067},
	pages = {363--381.e19},
	title = {Multiplexed 3D atlas of state transitions and immune interaction in colorectal cancer},
	volume = {186},
}
@article{Serafin2023Nondestructive,
	author = {Serafin, Robert and Koyuncu, Can and Xie, Weisi and Huang, Hongyi and Glaser, Adam K and Reder, Nicholas P and Janowczyk, Andrew and True, Lawrence D and Madabhushi, Anant and Liu, Jonathan TC},
	journal = {The Journal of Pathology},
	doi = {10.1002/path.6090},
	issn = {1096-9896},
	number = {4},
	year = {2023},
	note = {\textunderscore{}eprint: https://onlinelibrary.wiley.com/doi/pdf/10.1002/path.6090},
	pages = {390--401},
	title = {Nondestructive 3D pathology with analysis of nuclear features for prostate cancer risk assessment},
	volume = {260},
}
@article{Crawford2024Combined,
	author = {Crawford, Ashleigh J. and Forjaz, Andr{\' e} and Bons, Joanna and Bhorkar, Isha and Roy, Triya and Schell, David and Queiroga, Vasco and Ren, Kehan and Kramer, Donald and Huang, Wilson and Russo, Gabriella C. and Lee, Meng-Horng and Wu, Pei-Hsun and Shih, Ie-Ming and Wang, Tian-Li and Atkinson, Mark A. and Schilling, Birgit and Kiemen, Ashley L. and Wirtz, Denis},
	journal = {Science Advances},
	doi = {10.1126/sciadv.adp6285},
	number = {39},
	year = {2024},
	month = {sep 27},
	note = {publisher: American Association for the Advancement of Science},
	pages = {eadp6285},
	title = {Combined assembloid modeling and 3D whole-organ mapping captures the microanatomy and function of the human fallopian tube},
	volume = {10},
}
@article{Vaughan2011Rethinking,
	author = {Vaughan, Sebastian and Coward, Jermaine I. and Bast, Robert C. and Berchuck, Andy and Berek, Jonathan S. and Brenton, James D. and Coukos, George and Crum, Christopher C. and Drapkin, Ronny and Etemadmoghadam, Dariush and Friedlander, Michael and Gabra, Hani and Kaye, Stan B. and Lord, Chris J. and Lengyel, Ernst and Levine, Douglas A. and McNeish, Iain A. and Menon, Usha and Mills, Gordon B. and Nephew, Kenneth P. and Oza, Amit M. and Sood, Anil K. and Stronach, Euan A. and Walczak, Henning and Bowtell, David D. and Balkwill, Frances R.},
	journal = {Nature Reviews Cancer},
	doi = {10.1038/nrc3144},
	issn = {1474-1768},
	number = {10},
	year = {2011},
	month = {10},
	note = {publisher: Nature Publishing Group},
	pages = {719--725},
	title = {Rethinking ovarian cancer: recommendations for improving outcomes},
	volume = {11},
}
@article{Kiemen2022CODA,
	author = {Kiemen, Ashley L. and Braxton, Alicia M. and Grahn, Mia P. and Han, Kyu Sang and Babu, Jaanvi Mahesh and Reichel, Rebecca and Jiang, Ann C. and Kim, Bridgette and Hsu, Jocelyn and Amoa, Falone and Reddy, Sashank and Hong, Seung-Mo and Cornish, Toby C. and Thompson, Elizabeth D. and Huang, Peng and Wood, Laura D. and Hruban, Ralph H. and Wirtz, Denis and Wu, Pei-Hsun},
	journal = {Nature Methods},
	doi = {10.1038/s41592-022-01650-9},
	issn = {1548-7091, 1548-7105},
	number = {11},
	year = {2022},
	month = {11},
	pages = {1490--1499},
	title = {CODA: quantitative 3D reconstruction of large tissues at cellular resolution},
	volume = {19},
}
@article{Kiemen20243D,
	author = {Kiemen, Ashley L. and Almagro-P{\' e}rez, Cristina and Matos, Valentina and Forjaz, Andre and Braxton, Alicia M. and Dequiedt, Lucie and Parksong, Jeeun and Cannon, Courtney D. and Yuan, Xuan and Shin, Sarah M. and Babu, Jaanvi Mahesh and Thompson, Elizabeth D. and Cornish, Toby C. and Ho, Won Jin and Wood, Laura D. and Wu, Pei-Hsun and Barrutia, Arrate Mu{\~ n}oz and Hruban, Ralph H. and Wirtz, Denis},
	journal = {bioRxiv},
	doi = {10.1101/2024.08.03.606493},
	issn = {2692-8205},
	year = {2024},
	month = {aug 6},
	note = {PMID: 39149369
PMCID: PMC11326156},
	pages = {2024.08.03.606493},
	title = {3D histology reveals that immune response to pancreatic precancers is heterogeneous and depends on global pancreas structure},
}
@article{Carpenter2023Analysis,
	author = {Carpenter, Eileen S. and Elhossiny, Ahmed M. and Kadiyala, Padma and Li, Jay and McGue, Jake and Griffith, Brian D. and Zhang, Yaqing and Edwards, Jacob and Nelson, Sarah and Lima, Fatima and Donahue, Katelyn L. and Du, Wenting and Bischoff, Allison C. and Alomari, Danyah and Watkoske, Hannah R. and Mattea, Michael and The, Stephanie and Espinoza, Carlos E. and Barrett, Meredith and Sonnenday, Christopher J. and Olden, Nicholas and Chen, Chin-Tung and Peterson, Nicole and Gunchick, Valerie and Sahai, Vaibhav and Rao, Arvind and Bednar, Filip and Shi, Jiaqi and Frankel, Timothy L. and Pasca di Magliano, Marina},
	journal = {Cancer Discovery},
	doi = {10.1158/2159-8290.CD-23-0013},
	issn = {2159-8274},
	number = {6},
	year = {2023},
	month = {jun 2},
	pages = {1324--1345},
	title = {Analysis of {Donor} {Pancreata} {Defines} the {Transcriptomic} {Signature} and {Microenvironment} of {Early} {Neoplastic} {Lesions}},
	volume = {13},
}
@article{Penz2023Colorectal,
	author = {Penz, Daniela and Waldmann, Elisabeth and Hackl, Monika and Jiricka, Lena and Rockenbauer, Lisa-Maria and Gessl, Irina and Zessner-Spitzenberg, Jasmin and Ferlitsch, Arnulf and Trauner, Michael and Ferlitsch, Monika},
	journal = {JAMA Network Open},
	doi = {10.1001/jamanetworkopen.2023.34757},
	issn = {2574-3805},
	number = {12},
	year = {2023},
	month = {dec 6},
	pages = {e2334757},
	title = {Colorectal {Cancer} and {Precursor} {Lesion} {Prevalence} in {Adults} {Younger} {Than} 50 {Years} {Without} {Symptoms}},
	volume = {6},
}
@article{Zhang2024Multi,
	author = {Zhang, Wenxu and Li, Yajuan and Fung, Anthony A. and Li, Zhi and Jang, Hongje and Zha, Honghao and Chen, Xiaoping and Gao, Fangyuan and Wu, Jane Y. and Sheng, Huaxin and Yao, Junjie and Skowronska-Krawczyk, Dorota and Jain, Sanjay and Shi, Lingyan},
	journal = {Nature Communications},
	doi = {10.1038/s41467-024-45576-6},
	issn = {2041-1723},
	number = {1},
	year = {2024},
	month = {feb 21},
	note = {publisher: Nature Publishing Group},
	pages = {1599},
	title = {Multi-molecular hyperspectral {PRM}-{SRS} microscopy},
	volume = {15},
}
@article{Patel2014Single,
	author = {Patel, Anoop P. and Tirosh, Itay and Trombetta, John J. and Shalek, Alex K. and Gillespie, Shawn M. and Wakimoto, Hiroaki and Cahill, Daniel P. and Nahed, Brian V. and Curry, William T. and Martuza, Robert L. and Louis, David N. and Rozenblatt-Rosen, Orit and Suv{\` a}, Mario L. and Regev, Aviv and Bernstein, Bradley E.},
	journal = {Science},
	doi = {10.1126/science.1254257},
	number = {6190},
	year = {2014},
	month = {jun 20},
	note = {publisher: American Association for the Advancement of Science},
	pages = {1396--1401},
	title = {Single-cell {RNA}-seq highlights intratumoral heterogeneity in primary glioblastoma},
	volume = {344},
}
@article{Forjaz2025PIVOT,
	author = {Forjaz, Andr{\' e} and Romero, Valentina Matos and Reucroft, Ian and Eminizer, Margaret and Kramer, Donald and Higuera, Daniela and Mojdeganlou, Hengameh and Guerrero, Paola A. and Min, Jimin and Wetzel, Meredith},
	journal = {bioRxiv},
	year = {2025},
	note = {publisher: Cold Spring Harbor Laboratory},
	pages = {2025--06},
	title = {PIVOT: an open-source tool for multi-omic spatial data registration},
}
@article{Yemelyanova2011Immunohistochemical,
	author = {Yemelyanova, Anna and Vang, Russell and Kshirsagar, Malti and Lu, Dan and Marks, Morgan A. and Shih, Ie Ming and Kurman, Robert J.},
	journal = {Modern Pathology: An Official Journal of the United States and Canadian Academy of Pathology, Inc},
	doi = {10.1038/modpathol.2011.85},
	issn = {1530-0285},
	number = {9},
	year = {2011},
	month = {9},
	note = {PMID: 21552211},
	pages = {1248--1253},
	title = {Immunohistochemical staining patterns of p53 can serve as a surrogate marker for {TP53} mutations in ovarian carcinoma: an immunohistochemical and nucleotide sequencing analysis},
	volume = {24},
}
@article{Perets2013Transformation,
	author = {Perets, Ruth and Wyant, Gregory A. and Muto, Katherine W. and Bijron, Jonathan G. and Poole, Barish B. and Chin, Kenneth T. and Chen, Jin Yun H. and Ohman, Anders W. and Stepule, Corey D. and Kwak, Soongu and Karst, Alison M. and Hirsch, Michelle S. and Setlur, Sunita R. and Crum, Christopher P. and Dinulescu, Daniela M. and Drapkin, Ronny},
	journal = {Cancer Cell},
	doi = {10.1016/j.ccr.2013.10.013},
	issn = {1535-6108, 1878-3686},
	number = {6},
	year = {2013},
	month = {dec 9},
	note = {publisher: Elsevier
PMID: 24332043},
	pages = {751--765},
	title = {Transformation of the {Fallopian} {Tube} {Secretory} {Epithelium} {Leads} to {High}-{Grade} {Serous} {Ovarian} {Cancer} in {Brca};{Tp53};{Pten} {Models}},
	volume = {24},
}
@article{Kobayashi2017conceptual,
	author = {Kobayashi, Hiroshi and Iwai, Kana and Niiro, Emiko and Morioka, Sachiko and Yamada, Yuki and Ogawa, Kenji and Kawahara, Naoki},
	journal = {Biomedical Reports},
	doi = {10.3892/br.2017.955},
	issn = {2049-9434},
	number = {3},
	year = {2017},
	month = {9},
	note = {PMID: 28811894
PMCID: PMC5547763},
	pages = {209--213},
	title = {The conceptual advances of carcinogenic sequence model in high-grade serous ovarian cancer},
	volume = {7},
}
@misc{Power,
	note = {[Online; accessed 2025-06-02]},
	title = {Power-law growth models explain incidences and sizes of pancreatic cancer precursor lesions and confirm spatial genomic findings \textbar{} {Science} {Advances}},
	url = {https://www.science.org/doi/10.1126/sciadv.ado5103},
	howpublished = {https://www.science.org/doi/10.1126/sciadv.ado5103},
}
@article{Braxton20243D,
	author = {Braxton, Alicia M. and Kiemen, Ashley L. and Grahn, Mia P. and Forjaz, Andr{\' e} and Parksong, Jeeun and Mahesh Babu, Jaanvi and Lai, Jiaying and Zheng, Lily and Niknafs, Noushin and Jiang, Liping and Cheng, Haixia and Song, Qianqian and Reichel, Rebecca and Graham, Sarah and Damanakis, Alexander I. and Fischer, Catherine G. and Mou, Stephanie and Metz, Cameron and Granger, Julie and Liu, Xiao-Ding and Bachmann, Niklas and Zhu, Yutong and Liu, YunZhou and Almagro-P{\' e}rez, Cristina and Jiang, Ann Chenyu and Yoo, Jeonghyun and Kim, Bridgette and Du, Scott and Foster, Eli and Hsu, Jocelyn Y. and Rivera, Paula Andreu and Chu, Linda C. and Liu, Fengze and Fishman, Elliot K. and Yuille, Alan and Roberts, Nicholas J. and Thompson, Elizabeth D. and Scharpf, Robert B. and Cornish, Toby C. and Jiao, Yuchen and Karchin, Rachel and Hruban, Ralph H. and Wu, Pei-Hsun and Wirtz, Denis and Wood, Laura D.},
	journal = {Nature},
	doi = {10.1038/s41586-024-07359-3},
	issn = {1476-4687},
	number = {8012},
	year = {2024},
	month = {5},
	note = {publisher: Nature Publishing Group},
	pages = {679--687},
	title = {3D genomic mapping reveals multifocality of human pancreatic precancers},
	volume = {629},
}
@inbook{Schmidt2018Cell,
	author = {Schmidt, Uwe and Weigert, Martin and Broaddus, Coleman and Myers, Gene},
	year = {2018},
	note = {DOI: 10.1007/978-3-030-00934-2\textunderscore{}30
arXiv:1806.03535 [cs]},
	pages = {265--273},
	title = {Cell {Detection} with {Star}-convex {Polygons}},
	url = {http://arxiv.org/abs/1806.03535},
	howpublished = {http://arxiv.org/abs/1806.03535},
	volume = {11071},
}
@misc{Squidpy,
	note = {[Online; accessed 2025-06-24]},
	title = {Squidpy: a scalable framework for spatial omics analysis \textbar{} {Nature} {Methods}},
	url = {https://www.nature.com/articles/s41592-021-01358-2},
	howpublished = {https://www.nature.com/articles/s41592-021-01358-2},
}
@article{Wolf2018SCANPY,
	author = {Wolf, F. Alexander and Angerer, Philipp and Theis, Fabian J.},
	journal = {Genome Biology},
	doi = {10.1186/s13059-017-1382-0},
	issn = {1474-760X},
	number = {1},
	year = {2018},
	month = {feb 6},
	pages = {15},
	title = {SCANPY: large-scale single-cell gene expression data analysis},
	volume = {19},
}
@article{Virshup2021anndata,
	author = {Virshup, Isaac and Rybakov, Sergei and Theis, Fabian J. and Angerer, Philipp and Wolf, F. Alexander},
	doi = {10.1101/2021.12.16.473007},
	year = {2021},
	month = {dec 19},
	note = {page: 2021.12.16.473007
section: New Results},
	publisher = {bioRxiv},
	title = {anndata: Annotated data},
	url = {https://www.biorxiv.org/content/10.1101/2021.12.16.473007v1},
}
@article{Krzywinski2009Circos,
	author = {Krzywinski, Martin and Schein, Jacqueline and Birol, Inan{\c c} and Connors, Joseph and Gascoyne, Randy and Horsman, Doug and Jones, Steven J. and Marra, Marco A.},
	journal = {Genome Research},
	doi = {10.1101/gr.092759.109},
	issn = {1549-5469},
	number = {9},
	year = {2009},
	month = {9},
	note = {PMID: 19541911
PMCID: PMC2752132},
	pages = {1639--1645},
	title = {Circos: an information aesthetic for comparative genomics},
	volume = {19},
}
@article{Wolf2019PAGA,
	author = {Wolf, F. Alexander and Hamey, Fiona K. and Plass, Mireya and Solana, Jordi and Dahlin, Joakim S. and G{\" o}ttgens, Berthold and Rajewsky, Nikolaus and Simon, Lukas and Theis, Fabian J.},
	journal = {Genome Biology},
	doi = {10.1186/s13059-019-1663-x},
	issn = {1474-760X},
	number = {1},
	year = {2019},
	month = {mar 19},
	pages = {59},
	title = {PAGA: graph abstraction reconciles clustering with trajectory inference through a topology preserving map of single cells},
	volume = {20},
}
@article{Xu2024Spatiotemporal,
	author = {Xu, Alexander M. and Haro, Marcela and Walts, Ann E. and Hu, Ye and John, Joshi and Karlan, Beth Y. and Merchant, Akil and Orsulic, Sandra},
	journal = {Science Advances},
	doi = {10.1126/sciadv.adk8805},
	number = {16},
	year = {2024},
	month = {apr 17},
	note = {publisher: American Association for the Advancement of Science},
	pages = {eadk8805},
	title = {Spatiotemporal architecture of immune cells and cancer-associated fibroblasts in high-grade serous ovarian carcinoma},
	volume = {10},
}
@article{Yeh2024Mapping,
	author = {Yeh, Christine Yiwen and Aguirre, Karmen and Laveroni, Olivia and Kim, Subin and Wang, Aihui and Liang, Brooke and Zhang, Xiaoming and Han, Lucy M. and Valbuena, Raeline and Bassik, Michael C. and Kim, Young-Min and Plevritis, Sylvia K. and Snyder, Michael P. and Howitt, Brooke E. and Jerby, Livnat},
	journal = {Nature Immunology},
	doi = {10.1038/s41590-024-01943-5},
	issn = {1529-2916},
	number = {10},
	year = {2024},
	month = {10},
	note = {publisher: Nature Publishing Group},
	pages = {1943--1958},
	title = {Mapping spatial organization and genetic cell-state regulators to target immune evasion in ovarian cancer},
	volume = {25},
}
@article{Vazquez2022Ovarian,
	author = {V{\' a}zquez-Garc{\' i}a, Ignacio and Uhlitz, Florian and Ceglia, Nicholas and Lim, Jamie L. P. and Wu, Michelle and Mohibullah, Neeman and Niyazov, Juliana and Ruiz, Arvin Eric B. and Boehm, Kevin M. and Bojilova, Viktoria and Fong, Christopher J. and Funnell, Tyler and Grewal, Diljot and Havasov, Eliyahu and Leung, Samantha and Pasha, Arfath and Patel, Druv M. and Pourmaleki, Maryam and Rusk, Nicole and Shi, Hongyu and Vanguri, Rami and Williams, Marc J. and Zhang, Allen W. and Broach, Vance and Chi, Dennis S. and Da Cruz Paula, Arnaud and Gardner, Ginger J. and Kim, Sarah H. and Lennon, Matthew and Long Roche, Kara and Sonoda, Yukio and Zivanovic, Oliver and Kundra, Ritika and Viale, Agnes and Derakhshan, Fatemeh N. and Geneslaw, Luke and Issa Bhaloo, Shirin and Maroldi, Ana and Nunez, Rahelly and Pareja, Fresia and Stylianou, Anthe and Vahdatinia, Mahsa and Bykov, Yonina and Grisham, Rachel N. and Liu, Ying L. and Lakhman, Yulia and Nikolovski, Ines and Kelly, Daniel and Gao, Jianjiong and Schietinger, Andrea and Hollmann, Travis J. and Bakhoum, Samuel F. and Soslow, Robert A. and Ellenson, Lora H. and Abu-Rustum, Nadeem R. and Aghajanian, Carol and Friedman, Claire F. and McPherson, Andrew and Weigelt, Britta and Zamarin, Dmitriy and Shah, Sohrab P.},
	journal = {Nature},
	doi = {10.1038/s41586-022-05496-1},
	issn = {1476-4687},
	number = {7941},
	year = {2022},
	month = {12},
	note = {publisher: Nature Publishing Group},
	pages = {778--786},
	title = {Ovarian cancer mutational processes drive site-specific immune evasion},
	volume = {612},
}
@article{Mikulak2025Immune,
	author = {Mikulak, Joanna and Terzoli, Sara and Marzano, Paolo and Cazzetta, Valentina and Martiniello, Giampaolo and Piazza, Rocco and Viano, Maria Estefania and Vitobello, Domenico and Portuesi, Rosalba and Grizzi, Fabio and Hegazi, Mohamed A. A. A. and Fiamengo, Barbara and Basso, Gianluca and Parachini, Lara and Mannarino, Laura and D\textquoteright{}Incalci, Maurizio and Marchini, Sergio and Mavilio, Domenico},
	journal = {Cell Death \& Disease},
	doi = {10.1038/s41419-025-07557-5},
	issn = {2041-4889},
	number = {1},
	year = {2025},
	month = {apr 1},
	note = {publisher: Nature Publishing Group},
	pages = {229},
	title = {Immune evasion mechanisms in early-stage {I} high-grade serous ovarian carcinoma: insights into regulatory {T} cell dynamics},
	volume = {16},
}
@article{Kader2025Multimodal,
	author = {Kader, Tanjina and Lin, Jia-Ren and Hug, Clemens B. and Coy, Shannon and Chen, Yu-An and de Bruijn, Ino and Shih, Natalie and Jung, Euihye and Pelletier, Roxanne J. and Lopez Leon, Mariana and Mingo, Gabriel and Omran, Dalia K. and Lee, Jong Suk and Yapp, Clarence and Satravada, Baby A. and Kundra, Ritika and Xu, Yilin and Chan, Sabrina and Tefft, Juliann B. and Muhlich, Jeremy L. and Kim, Sarah H. and Gysler, Stefan M. and Agudo, Judith and Heath, James R. and Schultz, Nikolaus and Drescher, Charles W. and Sorger, Peter K. and Drapkin, Ronny and Santagata, Sandro},
	journal = {Cancer Discovery},
	doi = {10.1158/2159-8290.CD-24-1366},
	issn = {2159-8274},
	number = {6},
	year = {2025},
	month = {jun 3},
	pages = {1180--1202},
	title = {Multimodal {Spatial} {Profiling} {Reveals} {Immune} {Suppression} and {Microenvironment} {Remodeling} in {Fallopian} {Tube} {Precursors} to {High}-{Grade} {Serous} {Ovarian} {Carcinoma}},
	volume = {15},
}
@misc{Unraveling,
	note = {[Online; accessed 2025-08-12]},
	title = {Unraveling the role of {M2} {TAMs} in ovarian cancer dynamics: a systematic review \textbar{} {Journal} of {Translational} {Medicine} \textbar{} {Full} {Text}},
	url = {https://translational-medicine.biomedcentral.com/articles/10.1186/s12967-025-06643-8},
	howpublished = {https://translational-medicine.biomedcentral.com/articles/10.1186/s12967-025-06643-8},
}
@article{Wang2025TAM,
	author = {Wang, Jianqing and Zhu, Yan and He, Yang and Shao, Weiwei},
	journal = {Journal of Ovarian Research},
	doi = {10.1186/s13048-025-01618-1},
	issn = {1757-2215},
	number = {1},
	year = {2025},
	month = {feb 21},
	pages = {36},
	title = {TAM-derived exosomal {miR}-589-3p accelerates ovarian cancer progression through {BCL2L13}},
	volume = {18},
}
@article{Yang2025Tumor,
	author = {Yang, Yan and Li, Sijia and To, Kenneth K.W. and Zhu, Shuangli and Wang, Fang and Fu, Liwu},
	journal = {Journal of Experimental \& Clinical Cancer Research},
	doi = {10.1186/s13046-025-03377-9},
	issn = {1756-9966},
	number = {1},
	year = {2025},
	month = {may 16},
	pages = {145},
	title = {Tumor-associated macrophages remodel the suppressive tumor immune microenvironment and targeted therapy for immunotherapy},
	volume = {44},
}
@article{Ardighieri2014Characterization,
	author = {Ardighieri, Laura and Lonardi, Silvia and Moratto, Daniele and Facchetti, Fabio and Shih, Ie-Ming and Vermi, William and Kurman, Robert J.},
	journal = {International Journal of Gynecological Pathology},
	doi = {10.1097/PGP.0000000000000095},
	issn = {0277-1691},
	number = {6},
	year = {2014},
	month = {11},
	pages = {581},
	title = {Characterization of the {Immune} {Cell} {Repertoire} in the {Normal} {Fallopian} {Tube}},
	volume = {33},
}
@article{Dinh2021Single,
	author = {Dinh, Huy Q. and Lin, Xianzhi and Abbasi, Forough and Nameki, Robbin and Haro, Marcela and Olingy, Claire E. and Chang, Heidi and Hernandez, Lourdes and Gayther, Simon A. and Wright, Kelly N. and Aspuria, Paul-Joseph and Karlan, Beth Y. and Corona, Rosario I. and Li, Andrew and Rimel, B. J. and Siedhoff, Matthew T. and Medeiros, Fabiola and Lawrenson, Kate},
	journal = {Cell Reports},
	doi = {10.1016/j.celrep.2021.108978},
	issn = {2211-1247},
	number = {2},
	year = {2021},
	month = {apr 13},
	pages = {108978},
	title = {Single-cell transcriptomics identifies gene expression networks driving differentiation and tumorigenesis in the human fallopian tube},
	volume = {35},
}
@article{Ulrich2022Cellular,
	author = {Ulrich, Nicole D. and Shen, Yu-chi and Ma, Qianyi and Yang, Kun and Hannum, D. Ford and Jones, Andrea and Machlin, Jordan and Randolph, John F. and Smith, Yolanda R. and Schon, Samantha B. and Shikanov, Ariella and Marsh, Erica E. and Lieberman, Richard and Gurczynski, Stephen J. and Moore, Bethany B. and Li, Jun Z. and Hammoud, Sue},
	journal = {Developmental Cell},
	doi = {10.1016/j.devcel.2022.02.017},
	issn = {1534-5807},
	number = {7},
	year = {2022},
	month = {apr 11},
	pages = {914--929.e7},
	title = {Cellular heterogeneity of human fallopian tubes in normal and hydrosalpinx disease states identified using {scRNA}-seq},
	volume = {57},
}
@article{Weigert2025cell,
	author = {Weigert, Melanie and Li, Yan and Zhu, Lisha and Eckart, Heather and Bajwa, Preety and Krishnan, Rahul and Ackroyd, Sarah and Lastra, Ricardo and Bilecz, Agnes and Basu, Anindita and Lengyel, Ernst and Chen, Mengjie},
	journal = {Nature Communications},
	doi = {10.1038/s41467-024-55440-2},
	issn = {2041-1723},
	number = {1},
	year = {2025},
	month = {jan 3},
	note = {publisher: Nature Publishing Group},
	pages = {372},
	title = {A cell atlas of the human fallopian tube throughout the menstrual cycle and menopause},
	volume = {16},
}
@article{Alhallak2016Optical,
	author = {Alhallak, Kinan and Rebello, Lisa G. and Muldoon, Timothy J. and Quinn, Kyle P. and Rajaram, Narasimhan},
	journal = {Biomedical Optics Express},
	doi = {10.1364/BOE.7.004364},
	issn = {2156-7085},
	number = {11},
	year = {2016},
	month = {nov 1},
	note = {PMID: 27895979
PMCID: PMC5119579},
	pages = {4364--4374},
	title = {Optical redox ratio identifies metastatic potential-dependent changes in breast cancer cell metabolism},
	volume = {7},
}
@article{Gao2013Aberrant,
	author = {Gao, Xiaolin and Ning, Nannan and Kong, Beihua and Xu, Yongping and Xu, Hui and Zhou, Chengjun and Li, Su and Shao, Yi and Qiu, Jianqing and Li, Jingxin},
	journal = {Lipids},
	doi = {10.1007/s11745-013-3818-y},
	issn = {1558-9307},
	number = {10},
	year = {2013},
	month = {10},
	note = {PMID: 23881382},
	pages = {989--995},
	title = {Aberrant sphingolipid metabolism in the human fallopian tube with ectopic pregnancy},
	volume = {48},
}
@article{Zhang2021Knockdown,
	author = {Zhang, Huijun and Liu, Yuan and Tang, Shengchun and Qin, Xiaomin and Li, Lin and Zhou, Jinting and Zhang, Jing and Liu, Bo},
	journal = {Experimental and Therapeutic Medicine},
	doi = {10.3892/etm.2021.10680},
	issn = {1792-0981},
	number = {5},
	year = {2021},
	month = {nov 1},
	note = {publisher: Spandidos Publications},
	pages = {1--8},
	title = {Knockdown of {DLGAP5} suppresses cell proliferation, induces {G}\textsubscript{2}/{M} phase arrest and apoptosis in ovarian cancer},
	volume = {22},
}
@article{Schneider2017AURKA,
	author = {Schneider, Marc A. and Christopoulos, Petros and Muley, Thomas and Warth, Arne and Klingmueller, Ursula and Thomas, Michael and Herth, Felix J.F. and Dienemann, Hendrik and Mueller, Nikola S. and Theis, Fabian and Meister, Michael},
	journal = {International Journal of Oncology},
	doi = {10.3892/ijo.2017.3834},
	issn = {1019-6439},
	number = {2},
	year = {2017},
	month = {jan 2},
	note = {PMID: 28101582
PMCID: PMC5238780},
	pages = {365--372},
	title = {AURKA, {DLGAP5}, {TPX2}, {KIF11} and {CKAP5}: Five specific mitosis-associated genes correlate with poor prognosis for non-small cell lung cancer patients},
	volume = {50},
}
@article{Hosea2024two,
	author = {Hosea, Rendy and Hillary, Sharon and Naqvi, Sumera and Wu, Shourong and Kasim, Vivi},
	journal = {Signal Transduction and Targeted Therapy},
	doi = {10.1038/s41392-024-01767-7},
	issn = {2059-3635},
	number = {1},
	year = {2024},
	month = {mar 29},
	note = {publisher: Nature Publishing Group},
	pages = {75},
	title = {The two sides of chromosomal instability: drivers and brakes in cancer},
	volume = {9},
}
@article{Chong2018Deregulation,
	author = {Chong, Taryne and Sarac, Amila and Yao, Cindy Q. and Liao, Linda and Lyttle, Nicola and Boutros, Paul C. and Bartlett, John M. S. and Spears, Melanie},
	journal = {Journal of Ovarian Research},
	doi = {10.1186/s13048-018-0399-7},
	issn = {1757-2215},
	number = {1},
	year = {2018},
	month = {apr 4},
	pages = {27},
	title = {Deregulation of the spindle assembly checkpoint is associated with paclitaxel resistance in ovarian cancer},
	volume = {11},
}
@article{Moura2014High,
	author = {Moura, In{\^ e}s M. B. and Delgado, Maria L. and Silva, Patr{\' i}cia M. A. and Lopes, Carlos A. and do Amaral, Jos{\' e} B. and Monteiro, Lu{\' i}s S. and Bousbaa, Hassan},
	journal = {Journal of Oral Pathology \& Medicine},
	doi = {10.1111/jop.12115},
	issn = {1600-0714},
	number = {3},
	year = {2014},
	note = {\textunderscore{}eprint: https://onlinelibrary.wiley.com/doi/pdf/10.1111/jop.12115},
	pages = {225--231},
	title = {High {CDC20} expression is associated with poor prognosis in oral squamous cell carcinoma},
	volume = {43},
}
@article{Yang2022CCNB1,
	author = {Yang, Xiaowen and Zhou, Shilin and Yang, Chunyue and Cao, Chunyan and He, Meijun and Zi, Shuxia},
	journal = {Molecular Biotechnology},
	doi = {10.1007/s12033-022-00463-7},
	issn = {1559-0305},
	number = {9},
	year = {2022},
	month = {sep 1},
	pages = {958--969},
	title = {CCNB1, {Negatively} {Regulated} by {miR}-559, {Promotes} the {Proliferation}, {Migration}, and {Invasion} of {Ovarian} {Carcinoma} {Cells}},
	volume = {64},
}
@article{Chen2025Tumor,
	author = {Chen, Qingqing and Ouyang, Ling},
	journal = {Cellular Signalling},
	doi = {10.1016/j.cellsig.2025.111910},
	issn = {0898-6568},
	year = {2025},
	month = {oct 1},
	pages = {111910},
	title = {Tumor suppressor {FBXO11} drives ubiquitin proteasomal degradation of {KIF2C} to limit ovarian cancer progression and is transcriptionally repressed by {ZNF217}},
	volume = {134},
}
@article{Ikeda2016T,
	author = {Ikeda, Yuji and Park, Jae-Hyun and Miyamoto, Takashi and Takamatsu, Naofumi and Kato, Taigo and Iwasa, Akiko and Okabe, Shuhei and Imai, Yuichi and Fujiwara, Keiichi and Nakamura, Yusuke and Hasegawa, Kosei},
	journal = {Clinical Cancer Research},
	doi = {10.1158/1078-0432.CCR-16-0207},
	issn = {1078-0432},
	number = {24},
	year = {2016},
	month = {dec 15},
	pages = {6110--6117},
	title = {T-{LAK} {Cell}-{Originated} {Protein} {Kinase} ({TOPK}) as a {Prognostic} {Factor} and a {Potential} {Therapeutic} {Target} in {Ovarian} {Cancer}},
	volume = {22},
}
@article{Comisso2017OCT4,
	author = {Comisso, E. and Scarola, M. and Rosso, M. and Piazza, S. and Marzinotto, S. and Ciani, Y. and Orsaria, M. and Mariuzzi, L. and Schneider, C. and Schoeftner, S. and Benetti, R.},
	journal = {Oncogene},
	doi = {10.1038/onc.2017.20},
	issn = {1476-5594},
	number = {30},
	year = {2017},
	month = {7},
	note = {publisher: Nature Publishing Group},
	pages = {4253--4266},
	title = {OCT4 controls mitotic stability and inactivates the {RB} tumor suppressor pathway to enhance ovarian cancer aggressiveness},
	volume = {36},
}
@article{Tang2021Pan,
	author = {Tang, Neng and Dou, Xiaolin and You, Xing and Shi, Qiman and Ke, Mujing and Liu, Guodong},
	journal = {Cancer Cell International},
	doi = {10.1186/s12935-021-02155-9},
	issn = {1475-2867},
	number = {1},
	year = {2021},
	month = {aug 28},
	pages = {457},
	title = {Pan-cancer analysis of the oncogenic role of discs large homolog associated protein 5 ({DLGAP5}) in human tumors},
	volume = {21},
}
@inproceedings{Fu2020Computational,
	note = {[Online; accessed 2025-08-13]},
	author = {Fu, Renata and Bai, Yongsheng and Wang, Qi-En},
	booktitle = {2020 {IEEE} {International} {Conference} on {Bioinformatics} and {Biomedicine} ({BIBM})},
	doi = {10.1109/BIBM49941.2020.9313416},
	year = {2020},
	month = {12},
	pages = {1843--1848},
	title = {Computational identification of key pathways and differentially-expressed gene signatures in ovarian cancer stem cells},
	url = {https://ieeexplore.ieee.org/abstract/document/9313416},
	howpublished = {https://ieeexplore.ieee.org/abstract/document/9313416},
}
@article{Sun2025NOX4,
	author = {Sun, Jiting and Gong, Zhiyuan and Zheng, Lijie and Ding, Zhixian and Wang, Lusheng and Tang, Yu and Deng, Shizhan and Dong, Yonggan and Tang, Heng},
	journal = {Scientific Reports},
	doi = {10.1038/s41598-025-09690-9},
	issn = {2045-2322},
	number = {1},
	year = {2025},
	month = {jul 9},
	note = {publisher: Nature Publishing Group},
	pages = {24612},
	title = {NOX4 serves as a pan-cancer prognostic biomarker and therapeutic target in tumorigenesis},
	volume = {15},
}
@article{Du2022Cancer,
	author = {Du, Yanyun and Peng, Qianwen and Cheng, Du and Pan, Ting and Sun, Wanwei and Wang, Heping and Ma, Xiaojian and He, Ruirui and Zhang, Huazhi and Cui, Zhihui and Feng, Xiong and Liu, Zhiqiang and Zhao, Tianxin and Hu, Wenjun and Shen, Lei and Jiang, Wenyang and Gao, Na and Martin, Bradley N. and Zhang, Cun-Jin and Zhang, Zhanguo and Wang, Chenhui},
	journal = {Nature Communications},
	doi = {10.1038/s41467-021-27936-8},
	issn = {2041-1723},
	year = {2022},
	month = {jan 11},
	note = {PMID: 35017553
PMCID: PMC8752682},
	pages = {231},
	title = {Cancer cell-expressed {BTNL2} facilitates tumour immune escape via engagement with {IL}-17A-producing $\gamma$$\delta$ {T} cells},
	volume = {13},
}
@article{McGilvray2010ULBP2,
	author = {McGilvray, Roger W. and Eagle, Robert A. and Rolland, Phil and Jafferji, Insiya and Trowsdale, John and Durrant, Lindy G.},
	journal = {International Journal of Cancer},
	doi = {10.1002/ijc.25156},
	issn = {1097-0215},
	number = {6},
	year = {2010},
	note = {\textunderscore{}eprint: https://onlinelibrary.wiley.com/doi/pdf/10.1002/ijc.25156},
	pages = {1412--1420},
	title = {ULBP2 and {RAET1E} {NKG2D} ligands are independent predictors of poor prognosis in ovarian cancer patients},
	volume = {127},
}
@article{Wang1999Microtubule,
	author = {Wang, Tzu-Hao and Popp, Diana M. and Wang, Hsin-Shih and Saitoh, Masao and Mural, Jane G. and Henley, Donald C. and Ichijo, Hidenori and Wimalasena, Jay},
	journal = {Journal of Biological Chemistry},
	doi = {10.1074/jbc.274.12.8208},
	issn = {0021-9258, 1083-351X},
	number = {12},
	year = {1999},
	month = {mar 19},
	note = {publisher: Elsevier
PMID: 10075725},
	pages = {8208--8216},
	title = {Microtubule {Dysfunction} {Induced} by {Paclitaxel} {Initiates} {Apoptosis} through {Both} c-{Jun} {N}-terminal {Kinase} ({JNK})-dependent and -{Independent} {Pathways} in {Ovarian} {Cancer} {Cells} *},
	volume = {274},
}
@article{Mai2021Histone,
	author = {Mai, Hong and Liao, Yan and Luo, Sufang and Wei, Kaiyi and Yang, Feng and Shi, Haijuan},
	journal = {Journal of Cellular and Molecular Medicine},
	doi = {10.1111/jcmm.16835},
	issn = {1582-4934},
	number = {21},
	year = {2021},
	note = {\textunderscore{}eprint: https://onlinelibrary.wiley.com/doi/pdf/10.1111/jcmm.16835},
	pages = {9972--9982},
	title = {Histone deacetylase {HDAC2} silencing prevents endometriosis by activating the {HNF4A}/{ARID1A} axis},
	volume = {25},
}
@article{Du2015Screening,
	author = {Du, Lei and Qian, Xiaolei and Dai, Chenyang and Wang, Lihua and Huang, Ding and Wang, Shuying and Shen, Xiaowei},
	journal = {Tumori Journal},
	doi = {10.5301/tj.5000319},
	issn = {0300-8916},
	number = {4},
	year = {2015},
	month = {jul 1},
	note = {publisher: SAGE Publications Ltd STM},
	pages = {384--389},
	title = {Screening the {Molecular} {Targets} of {Ovarian} {Cancer} {Based} on {Bioinformatics} {Analysis}},
	volume = {101},
}
@article{Cheon2015ADAM12,
	author = {Cheon, Dong-Joo and Li, Andrew J. and Beach, Jessica A. and Walts, Ann E. and Tran, Hang and Lester, Jenny and Karlan, Beth Y. and Orsulic, Sandra},
	journal = {Carcinogenesis},
	doi = {10.1093/carcin/bgv059},
	issn = {0143-3334},
	number = {7},
	year = {2015},
	month = {jul 1},
	pages = {739--747},
	title = {ADAM12 is a prognostic factor associated with an aggressive molecular subtype of high-grade serous ovarian carcinoma},
	volume = {36},
}
@article{Schweizer2025Spatial,
	author = {Schweizer, Lisa and Kenny, Hilary A. and Krishnan, Rahul and Kelliher, Lucy and Bilecz, Agnes J. and Heide, Janna and Donle, Leonhard and Shimizu, Aasa and Metousis, Andreas and Mendoza, Rachelle and Nordmann, Thierry M. and Rauch, Sarah and Richter, Sabrina and Li, Yan and Rosenberger, Florian A. and Strauss, Maximilian T. and Kurnit, Katherine C. and Thielert, Marvin and Rodriguez, Edwin and M{\" u}ller-Reif, Johannes B. and Yamada, S. Diane and Theis, Fabian J. and Mund, Andreas and Lastra, Ricardo R. and Mann, Matthias and Lengyel, Ernst},
	journal = {Cancer Cell},
	doi = {10.1016/j.ccell.2025.06.004},
	issn = {1535-6108, 1878-3686},
	number = {8},
	year = {2025},
	month = {aug 11},
	note = {publisher: Elsevier
PMID: 40578359},
	pages = {1495--1511.e7},
	title = {Spatial proteo-transcriptomic profiling reveals the molecular landscape of borderline ovarian tumors and their invasive progression},
	volume = {43},
}
@article{Wang2019GPX2,
	author = {Wang, Yingxin and Cao, Penglong and Alshwmi, Mohammed and Jiang, Nan and Xiao, Zhen and Jiang, Fengquan and Gu, Juebin and Wang, Xiaonan and Sun, Xiaoye and Li, Shijun},
	journal = {OncoTargets and Therapy},
	doi = {10.2147/OTT.S208781},
	issn = {null},
	year = {2019},
	month = {aug 19},
	note = {publisher: Dove Medical Press
\textunderscore{}eprint: https://www.tandfonline.com/doi/pdf/10.2147/OTT.S208781
PMID: 31695405},
	pages = {6639--6651},
	title = {GPX2 suppression of {H2O2} stress regulates cervical cancer metastasis and apoptosis via activation of the $\beta$-catenin-{WNT} pathway},
	volume = {12},
}
@article{Parssinen2008Identification,
	author = {P{\" a}rssinen, Jenita and Alarmo, Emma-Leena and Khan, Sofia and Karhu, Ritva and Vihinen, Mauno and Kallioniemi, Anne},
	journal = {Cancer Letters},
	doi = {10.1016/j.canlet.2007.09.019},
	issn = {0304-3835},
	number = {1},
	year = {2008},
	month = {jan 18},
	pages = {61--70},
	title = {Identification of differentially expressed genes after \textit{{PPM1D}} silencing in breast cancer},
	volume = {259},
}
@article{Liberzon2015Molecular,
	author = {Liberzon, Arthur and Birger, Chet and Thorvaldsd{\' o}ttir, Helga and Ghandi, Mahmoud and Mesirov, Jill P. and Tamayo, Pablo},
	journal = {Cell Systems},
	doi = {10.1016/j.cels.2015.12.004},
	issn = {2405-4712},
	number = {6},
	year = {2015},
	month = {dec 23},
	pages = {417--425},
	title = {The {Molecular} {Signatures} {Database} {Hallmark} {Gene} {Set} {Collection}},
	volume = {1},
}
@article{Chang2025Integrated,
	author = {Chang, Tu-Yung and Chien, Yen-Wei and Chen, Szu-Hua and Sokolow, Annelise and Wang, Yeh and Wang, Brant G. and Numan, Tricia and Chui, M. Herman and Stone, Rebecca and Pisanic, Thomas and Papadopoulos, Nicholas and Wang, Tian-Li and Douville, Christopher and Cope, Leslie and Shih, Ie-Ming},
	doi = {10.1101/2025.06.24.661327},
	year = {2025},
	month = {jun 27},
	note = {page: 2025.06.24.661327
section: New Results},
	publisher = {bioRxiv},
	title = {Integrated {Spatial} {Analysis} of {Ovarian} {Precancerous} {Lesions}},
	url = {https://www.biorxiv.org/content/10.1101/2025.06.24.661327v1},
}
@article{Rohozinski2009Spermatogenesis,
	author = {Rohozinski, Jan and Anderson, Matthew L. and Broaddus, Russell E. and Edwards, Creighton L. and Bishop, Colin E.},
	journal = {PLOS ONE},
	doi = {10.1371/journal.pone.0005064},
	issn = {1932-6203},
	number = {3},
	year = {2009},
	month = {mar 31},
	note = {publisher: Public Library of Science},
	pages = {e5064},
	title = {Spermatogenesis {Associated} {Retrogenes} {Are} {Expressed} in the {Human} {Ovary} and {Ovarian} {Cancers}},
	volume = {4},
}
@article{Ouyang2009Genistein,
	author = {Ouyang, Gaoliang and Yao, Luming and Ruan, Kai and Song, Gang and Mao, Yubin and Bao, Shideng},
	journal = {Cell Biology International},
	doi = {10.1016/j.cellbi.2009.08.011},
	issn = {1065-6995},
	number = {12},
	year = {2009},
	month = {dec 1},
	pages = {1237--1244},
	title = {Genistein induces {G2}/{M} cell cycle arrest and apoptosis of human ovarian cancer cells via activation of {DNA} damage checkpoint pathways},
	volume = {33},
}
@article{Hendrikse2023potential,
	author = {Hendrikse, C. S. E. and Theelen, P. M. M. and van der Ploeg, P. and Westgeest, H. M. and Boere, I. A. and Thijs, A. M. J. and Ottevanger, P. B. and van de Stolpe, A. and Lambrechts, S. and Bekkers, R. L. M. and Piek, J. M. J.},
	journal = {Gynecologic Oncology},
	doi = {10.1016/j.ygyno.2023.01.038},
	issn = {0090-8258},
	year = {2023},
	month = {apr 1},
	pages = {83--94},
	title = {The potential of {RAS}/{RAF}/{MEK}/{ERK} ({MAPK}) signaling pathway inhibitors in ovarian cancer: A systematic review and meta-analysis},
	volume = {171},
}
@article{Zhan2016E2F1,
	author = {Zhan, Lei and Zhang, Yu and Wang, Wenyan and Song, Enxue and Fan, Yijun and Wei, Bing},
	journal = {Tumor Biology},
	doi = {10.1007/s13277-015-4770-7},
	issn = {1423-0380},
	number = {3},
	year = {2016},
	month = {mar 1},
	pages = {2823--2831},
	title = {E2F1: a promising regulator in ovarian carcinoma},
	volume = {37},
}
@article{Nayak2018Oxidative,
	author = {Nayak, Amruta P. and Kapur, Arvinder and Barroilhet, Lisa and Patankar, Manish S.},
	journal = {Cancers},
	doi = {10.3390/cancers10090337},
	issn = {2072-6694},
	number = {9},
	year = {2018},
	month = {9},
	note = {publisher: Multidisciplinary Digital Publishing Institute},
	pages = {337},
	title = {Oxidative {Phosphorylation}: A {Target} for {Novel} {Therapeutic} {Strategies} {Against} {Ovarian} {Cancer}},
	volume = {10},
}
@article{Maccio2012Inflammation,
	author = {Macci{\` o}, Antonio and Madeddu, Clelia},
	journal = {Cytokine},
	doi = {10.1016/j.cyto.2012.01.015},
	issn = {1043-4666},
	number = {2},
	year = {2012},
	month = {may 1},
	pages = {133--147},
	title = {Inflammation and ovarian cancer},
	volume = {58},
}
@article{Harrington2019NF,
	author = {Harrington, Brittney S. and Annunziata, Christina M.},
	journal = {Cancers},
	doi = {10.3390/cancers11081182},
	issn = {2072-6694},
	number = {8},
	year = {2019},
	month = {8},
	note = {publisher: Multidisciplinary Digital Publishing Institute},
	pages = {1182},
	title = {NF-$\kappa${B} {Signaling} in {Ovarian} {Cancer}},
	volume = {11},
}
@article{Weigert2025cell,
	author = {Weigert, Melanie and Li, Yan and Zhu, Lisha and Eckart, Heather and Bajwa, Preety and Krishnan, Rahul and Ackroyd, Sarah and Lastra, Ricardo and Bilecz, Agnes and Basu, Anindita and Lengyel, Ernst and Chen, Mengjie},
	journal = {Nature Communications},
	doi = {10.1038/s41467-024-55440-2},
	issn = {2041-1723},
	number = {1},
	year = {2025},
	month = {jan 3},
	note = {publisher: Nature Publishing Group},
	pages = {372},
	title = {A cell atlas of the human fallopian tube throughout the menstrual cycle and menopause},
	volume = {16},
}
@article{Devlin1996High,
	author = {Devlin, J. and Elder, P. A. and Gabra, H. and Steel, C. M. and Knowles, M. A.},
	journal = {British Journal of Cancer},
	doi = {10.1038/bjc.1996.75},
	issn = {1532-1827},
	number = {4},
	year = {1996},
	month = {2},
	note = {publisher: Nature Publishing Group},
	pages = {420--423},
	title = {High frequency of chromosome 9 deletion in ovarian cancer: evidence for three tumour-suppressor loci},
	volume = {73},
}
@article{Zhakula2024Patterns,
	author = {Zhakula-Kostadinova, Nadja and Taylor, Alison M.},
	journal = {Cancer Research},
	doi = {10.1158/0008-5472.CAN-24-0169},
	issn = {0008-5472},
	number = {16},
	year = {2024},
	month = {aug 15},
	pages = {2575--2587},
	title = {Patterns of {Aneuploidy} and {Signaling} {Consequences} in {Cancer}},
	volume = {84},
}
@article{Siskind2005Mitochondrial,
	author = {Siskind, Leah J.},
	journal = {Journal of bioenergetics and biomembranes},
	doi = {10.1007/s10863-005-6567-7},
	issn = {0145-479X},
	number = {3},
	year = {2005},
	month = {6},
	note = {PMID: 16167171
PMCID: PMC2246044},
	pages = {143--153},
	title = {Mitochondrial {Ceramide} and the {Induction} of {Apoptosis}},
	volume = {37},
}
@article{Johnson2025Human,
	author = {Johnson, Jeanette A. I. and Bergman, Daniel R. and Rocha, Heber L. and Zhou, David L. and Cramer, Eric and Mclean, Ian C. and Dance, Yoseph W. and Booth, Max and Nicholas, Zachary and Lopez-Vidal, Tamara and Deshpande, Atul and Heiland, Randy and Bucher, Elmar and Shojaeian, Fatemeh and Dunworth, Matthew and Forjaz, Andr{\' e} and Getz, Michael and Godet, In{\^ e}s and Kurtoglu, Furkan and Lyman, Melissa and Metzcar, John and Mitchell, Jacob T. and Raddatz, Andrew and Solorzano, Jacobo and Sundus, Aneequa and Wang, Yafei and DeNardo, David G. and Ewald, Andrew J. and Gilkes, Daniele M. and Kagohara, Luciane T. and Kiemen, Ashley L. and Thompson, Elizabeth D. and Wirtz, Denis and Wood, Laura D. and Wu, Pei-Hsun and Zaidi, Neeha and Zheng, Lei and Zimmerman, Jacquelyn W. and Phillip, Jude M. and Jaffee, Elizabeth M. and Gray, Joe W. and Coussens, Lisa M. and Chang, Young Hwan and Heiser, Laura M. and Stein-O\textquoteright{}Brien, Genevieve L. and Fertig, Elana J. and Macklin, Paul},
	journal = {Cell},
	doi = {10.1016/j.cell.2025.06.048},
	issn = {0092-8674, 1097-4172},
	number = {0},
	year = {2025},
	month = {jul 25},
	note = {publisher: Elsevier
PMID: 40713951},
	title = {Human interpretable grammar encodes multicellular systems biology models to democratize virtual cell laboratories},
	url = {https://www.cell.com/cell/abstract/S0092-8674(25)00750-0},
	howpublished = {https://www.cell.com/cell/abstract/S0092-8674(25)00750-0},
	volume = {0},
}
@article{Matos2025CODAvision,
	author = {Matos-Romero, Valentina and G{\' o}mez-Becerril, Jaime and Forjaz, Andr{\' e} and Dequiedt, Lucie and Newton, Tyler and Joshi, Saurabh and Shen, Yu and Hanna, Eban and Nair, Praful and Sivasubramanian, Arrun and Wang, Jenny S. H. and Lasse-Opsahl, Emily L. and Bell, Alexander T. F. and Czum, Julianna and Steenbergen, Charles and Dai, Dao-Fu and Wood, Laura D. and Kagohara, Luciane T. and Fertig, Elana J. and Magliano, Marina Pasca and Shatzel, Joseph J. and McCarty, Owen J. T. and Lo, Jamie O. and Rosenberg, Avi and Hruban, Ralph H. and Mu{\~ n}oz-Barrutia, Arrate and Wirtz, Denis and Kiemen, Ashley L.},
	doi = {10.1101/2025.04.11.648464},
	year = {2025},
	month = {apr 14},
	note = {page: 2025.04.11.648464
section: New Results},
	publisher = {bioRxiv},
	title = {CODAvision: best practices and a user-friendly interface for rapid, customizable segmentation of medical images},
	url = {https://www.biorxiv.org/content/10.1101/2025.04.11.648464v1},
}
@article{Joshi2025InterpolAI,
	author = {Joshi, Saurabh and Forjaz, Andr{\' e} and Han, Kyu Sang and Shen, Yu and Queiroga, Vasco and Selaru, Florin A. and G{\' e}rard, Marie and Xenes, Daniel and Matelsky, Jordan and Wester, Brock and Barrutia, Arrate Mu{\~ n}oz and Kiemen, Ashley L. and Wu, Pei-Hsun and Wirtz, Denis},
	journal = {Nature Methods},
	doi = {10.1038/s41592-025-02712-4},
	issn = {1548-7105},
	year = {2025},
	month = {may 28},
	note = {publisher: Nature Publishing Group},
	pages = {1--12},
	title = {InterpolAI: deep learning-based optical flow interpolation and restoration of biomedical images for improved 3D tissue mapping},
}
@article{Forjaz2025Integration,
	author = {Forjaz, Andr{\' e} and Kramer, Donald and Shen, Yu and Bea, Habin and Tsapatsis, Margarita and Ping, Jianglu and Queiroga, Vasco and San, Kyu Han and Joshi, Saurabh and Grubel, Casey and Beery, Maria L. and Kusmartseva, Irina and Atkinson, Mark and Kiemen, Ashley L. and Wirtz, Denis},
	doi = {10.1101/2025.03.31.646356},
	year = {2025},
	month = {apr 4},
	note = {page: 2025.03.31.646356
section: New Results},
	publisher = {bioRxiv},
	title = {Integration of nuclear morphology and 3D imaging to profile cellular neighborhoods},
	url = {https://www.biorxiv.org/content/10.1101/2025.03.31.646356v1},
}
@inbook{Schmidt2018Cell,
	author = {Schmidt, Uwe and Weigert, Martin and Broaddus, Coleman and Myers, Gene},
	year = {2018},
	note = {DOI: 10.1007/978-3-030-00934-2\textunderscore{}30
arXiv:1806.03535 [cs]},
	pages = {265--273},
	title = {Cell {Detection} with {Star}-convex {Polygons}},
	url = {http://arxiv.org/abs/1806.03535},
	howpublished = {http://arxiv.org/abs/1806.03535},
	volume = {11071},
}
@article{Massey1951Kolmogorov,
	author = {Massey, Frank J.},
	journal = {Journal of the American Statistical Association},
	doi = {10.1080/01621459.1951.10500769},
	issn = {0162-1459, 1537-274X},
	number = {253},
	year = {1951},
	month = {3},
	pages = {68--78},
	title = {The {Kolmogorov}-{Smirnov} {Test} for {Goodness} of {Fit}},
	volume = {46},
}
@article{Hunter2007Matplotlib,
	author = {Hunter, John D.},
	journal = {Computing in Science \& Engineering},
	doi = {10.1109/MCSE.2007.55},
	issn = {1558-366X},
	number = {3},
	year = {2007},
	month = {5},
	pages = {90--95},
	title = {Matplotlib: A 2D {Graphics} {Environment}},
	volume = {9},
}
@article{Waskom2021seaborn,
	author = {Waskom, Michael L.},
	journal = {Journal of Open Source Software},
	doi = {10.21105/joss.03021},
	issn = {2475-9066},
	number = {60},
	year = {2021},
	month = {apr 6},
	pages = {3021},
	title = {seaborn: statistical data visualization},
	volume = {6},
}
@article{McInnes2020UMAP,
	author = {McInnes, Leland and Healy, John and Melville, James},
	doi = {10.48550/arXiv.1802.03426},
	year = {2020},
	month = {sep 18},
	note = {arXiv:1802.03426 [stat]},
	publisher = {arXiv},
	title = {UMAP: Uniform {Manifold} {Approximation} and {Projection} for {Dimension} {Reduction}},
	url = {http://arxiv.org/abs/1802.03426},
}
@misc{Shimoyama2022pyCirclize,
	author = {Shimoyama, Yuki},
	year = {2022},
	month = {dec 20},
	title = {pyCirclize: Circular visualization in {Python}},
	type = {python},
}
@misc{pandas2024pandas,
	author = {{The pandas development team}},
	year = {2024},
	month = {sep 20},
	note = {DOI: 10.5281/ZENODO.13819579},
	publisher = {Zenodo},
	title = {pandas-dev/pandas: Pandas},
	url = {https://zenodo.org/doi/10.5281/zenodo.13819579},
}
@article{Harris2020Array,
	author = {Harris, Charles R. and Millman, K. Jarrod and Van Der Walt, St{\' e}fan J. and Gommers, Ralf and Virtanen, Pauli and Cournapeau, David and Wieser, Eric and Taylor, Julian and Berg, Sebastian and Smith, Nathaniel J. and Kern, Robert and Picus, Matti and Hoyer, Stephan and Van Kerkwijk, Marten H. and Brett, Matthew and Haldane, Allan and Del R{\' i}o, Jaime Fern{\' a}ndez and Wiebe, Mark and Peterson, Pearu and G{\' e}rard-Marchant, Pierre and Sheppard, Kevin and Reddy, Tyler and Weckesser, Warren and Abbasi, Hameer and Gohlke, Christoph and Oliphant, Travis E.},
	journal = {Nature},
	doi = {10.1038/s41586-020-2649-2},
	issn = {0028-0836, 1476-4687},
	number = {7825},
	year = {2020},
	month = {sep 17},
	pages = {357--362},
	title = {Array programming with {NumPy}},
	volume = {585},
}
@article{Pedregosa2011Scikit,
	author = {Pedregosa, Fabian and Varoquaux, Ga{\" e}l and Gramfort, Alexandre and Michel, Vincent and Thirion, Bertrand and Grisel, Olivier and Blondel, Mathieu and Prettenhofer, Peter and Weiss, Ron and Dubourg, Vincent and Vanderplas, Jake and Passos, Alexandre and Cournapeau, David and Brucher, Matthieu and Perrot, Matthieu and Duchesnay, {\' E}douard},
	journal = {J. Mach. Learn. Res.},
	issn = {1532-4435},
	year = {2011},
	month = {nov 1},
	pages = {2825--2830},
	title = {Scikit-learn: Machine {Learning} in {Python}},
	volume = {12},
}
@article{Ikotun2023K,
	author = {Ikotun, Abiodun M. and Ezugwu, Absalom E. and Abualigah, Laith and Abuhaija, Belal and Heming, Jia},
	journal = {Information Sciences},
	doi = {10.1016/j.ins.2022.11.139},
	issn = {0020-0255},
	year = {2023},
	month = {apr 1},
	pages = {178--210},
	title = {K-means clustering algorithms: A comprehensive review, variants analysis, and advances in the era of big data},
	volume = {622},
}
@article{Bell2024PanIN,
	author = {Bell, Alexander T. F. and Mitchell, Jacob T. and Kiemen, Ashley L. and Lyman, Melissa and Fujikura, Kohei and Lee, Jae W. and Coyne, Erin and Shin, Sarah M. and Nagaraj, Sushma and Deshpande, Atul and Wu, Pei-Hsun and Sidiropoulos, Dimitrios N. and Erbe, Rossin and Stern, Jacob and Chan, Rena and Williams, Stephen and Chell, James M. and Ciotti, Lauren and Zimmerman, Jacquelyn W. and Wirtz, Denis and Ho, Won Jin and Zaidi, Neeha and Thompson, Elizabeth and Jaffee, Elizabeth M. and Wood, Laura D. and Fertig, Elana J. and Kagohara, Luciane T.},
	journal = {Cell Systems},
	doi = {10.1016/j.cels.2024.07.001},
	issn = {2405-4712, 2405-4720},
	number = {8},
	year = {2024},
	month = {aug 21},
	note = {publisher: Elsevier
PMID: 39116880},
	pages = {753--769.e5},
	title = {PanIN and {CAF} transitions in pancreatic carcinogenesis revealed with spatial data integration},
	volume = {15},
}
@article{Hao2024Dictionary,
	author = {Hao, Yuhan and Stuart, Tim and Kowalski, Madeline H. and Choudhary, Saket and Hoffman, Paul and Hartman, Austin and Srivastava, Avi and Molla, Gesmira and Madad, Shaista and Fernandez-Granda, Carlos and Satija, Rahul},
	journal = {Nature Biotechnology},
	doi = {10.1038/s41587-023-01767-y},
	issn = {1546-1696},
	number = {2},
	year = {2024},
	month = {2},
	note = {publisher: Nature Publishing Group},
	pages = {293--304},
	title = {Dictionary learning for integrative, multimodal and scalable single-cell analysis},
	volume = {42},
}
@article{Subramanian2005Gene,
	author = {Subramanian, Aravind and Tamayo, Pablo and Mootha, Vamsi K. and Mukherjee, Sayan and Ebert, Benjamin L. and Gillette, Michael A. and Paulovich, Amanda and Pomeroy, Scott L. and Golub, Todd R. and Lander, Eric S. and Mesirov, Jill P.},
	journal = {Proceedings of the National Academy of Sciences},
	doi = {10.1073/pnas.0506580102},
	number = {43},
	year = {2005},
	month = {oct 25},
	note = {publisher: Proceedings of the National Academy of Sciences},
	pages = {15545--15550},
	title = {Gene set enrichment analysis: A knowledge-based approach for interpreting genome-wide expression profiles},
	volume = {102},
}
@article{Ashburner2000Gene,
	author = {Ashburner, Michael and Ball, Catherine A. and Blake, Judith A. and Botstein, David and Butler, Heather and Cherry, J. Michael and Davis, Allan P. and Dolinski, Kara and Dwight, Selina S. and Eppig, Janan T. and Harris, Midori A. and Hill, David P. and Issel-Tarver, Laurie and Kasarskis, Andrew and Lewis, Suzanna and Matese, John C. and Richardson, Joel E. and Ringwald, Martin and Rubin, Gerald M. and Sherlock, Gavin},
	journal = {Nature genetics},
	doi = {10.1038/75556},
	issn = {1061-4036},
	number = {1},
	year = {2000},
	month = {5},
	note = {PMID: 10802651
PMCID: PMC3037419},
	pages = {25--29},
	title = {Gene {Ontology}: tool for the unification of biology},
	volume = {25},
}
@article{Aleksander2023Gene,
	author = {Aleksander, Suzi A and Balhoff, James and Carbon, Seth and Cherry, J Michael and Drabkin, Harold J and Ebert, Dustin and Feuermann, Marc and Gaudet, Pascale and Harris, Nomi L and Hill, David P and Lee, Raymond and Mi, Huaiyu and Moxon, Sierra and Mungall, Christopher J and Muruganugan, Anushya and Mushayahama, Tremayne and Sternberg, Paul W and Thomas, Paul D and Van Auken, Kimberly and Ramsey, Jolene and Siegele, Deborah A and Chisholm, Rex L and Fey, Petra and Aspromonte, Maria Cristina and Nugnes, Maria Victoria and Quaglia, Federica and Tosatto, Silvio and Giglio, Michelle and Nadendla, Suvarna and Antonazzo, Giulia and Attrill, Helen and dos Santos, Gil and Marygold, Steven and Strelets, Victor and Tabone, Christopher J and Thurmond, Jim and Zhou, Pinglei and Ahmed, Saadullah H and Asanitthong, Praoparn and Luna Buitrago, Diana and Erdol, Meltem N and Gage, Matthew C and Ali Kadhum, Mohamed and Li, Kan Yan Chloe and Long, Miao and Michalak, Aleksandra and Pesala, Angeline and Pritazahra, Armalya and Saverimuttu, Shirin C C and Su, Renzhi and Thurlow, Kate E and Lovering, Ruth C and Logie, Colin and Oliferenko, Snezhana and Blake, Judith and Christie, Karen and Corbani, Lori and Dolan, Mary E and Drabkin, Harold J and Hill, David P and Ni, Li and Sitnikov, Dmitry and Smith, Cynthia and Cuzick, Alayne and Seager, James and Cooper, Laurel and Elser, Justin and Jaiswal, Pankaj and Gupta, Parul and Jaiswal, Pankaj and Naithani, Sushma and Lera-Ramirez, Manuel and Rutherford, Kim and Wood, Valerie and De Pons, Jeffrey L and Dwinell, Melinda R and Hayman, G Thomas and Kaldunski, Mary L and Kwitek, Anne E and Laulederkind, Stanley J F and Tutaj, Marek A and Vedi, Mahima and Wang, Shur-Jen and D\textquoteright{}Eustachio, Peter and Aimo, Lucila and Axelsen, Kristian and Bridge, Alan and Hyka-Nouspikel, Nevila and Morgat, Anne and Aleksander, Suzi A and Cherry, J Michael and Engel, Stacia R and Karra, Kalpana and Miyasato, Stuart R and Nash, Robert S and Skrzypek, Marek S and Weng, Shuai and Wong, Edith D and Bakker, Erika and Berardini, Tanya Z and Reiser, Leonore and Auchincloss, Andrea and Axelsen, Kristian and Argoud-Puy, Ghislaine and Blatter, Marie-Claude and Boutet, Emmanuel and Breuza, Lionel and Bridge, Alan and Casals-Casas, Cristina and Coudert, Elisabeth and Estreicher, Anne and Livia Famiglietti, Maria and Feuermann, Marc and Gos, Arnaud and Gruaz-Gumowski, Nadine and Hulo, Chantal and Hyka-Nouspikel, Nevila and Jungo, Florence and Le Mercier, Philippe and Lieberherr, Damien and Masson, Patrick and Morgat, Anne and Pedruzzi, Ivo and Pourcel, Lucille and Poux, Sylvain and Rivoire, Catherine and Sundaram, Shyamala and Bateman, Alex and Bowler-Barnett, Emily and Bye-A-Jee, Hema and Denny, Paul and Ignatchenko, Alexandr and Ishtiaq, Rizwan and Lock, Antonia and Lussi, Yvonne and Magrane, Michele and Martin, Maria J and Orchard, Sandra and Raposo, Pedro and Speretta, Elena and Tyagi, Nidhi and Warner, Kate and Zaru, Rossana and Diehl, Alexander D and Lee, Raymond and Chan, Juancarlos and Diamantakis, Stavros and Raciti, Daniela and Zarowiecki, Magdalena and Fisher, Malcolm and James-Zorn, Christina and Ponferrada, Virgilio and Zorn, Aaron and Ramachandran, Sridhar and Ruzicka, Leyla and Westerfield, Monte},
	journal = {Genetics},
	doi = {10.1093/genetics/iyad031},
	issn = {0016-6731},
	number = {1},
	year = {2023},
	month = {mar 3},
	note = {PMID: 36866529
PMCID: PMC10158837},
	pages = {iyad031},
	title = {The {Gene} {Ontology} knowledgebase in 2023},
	volume = {224},
}
@misc{Timothyinfercnv,
	author = {{Timothy Tickle, Itay Tirosh, Christophe Georgescu, Maxwell Brown, Brian Haas}},
	note = {DOI: 10.18129/B9.BIOC.INFERCNV},
	publisher = {Bioconductor},
	title = {infercnv},
	url = {https://bioconductor.org/packages/infercnv},
}

