@article{janowczyk2016a,
  citation-number = {1.},
  author = {Janowczyk, A. and Madabhushi, A.},
  title = {Deep learning for digital pathology image analysis: A comprehensive tutorial with selected use cases},
  volume = {7},
  pages = {29},
  date = {2016},
  language = {en},
  journal = {Journal of Pathology Informatics}
}
@article{baxi2022a,
  citation-number = {2.},
  author = {Baxi, V. and Edwards, R. and Montalto, M. and Saha, S.},
  title = {Digital pathology and artificial intelligence in translational medicine and clinical practice},
  volume = {35},
  pages = {23–32},
  date = {2022},
  language = {en},
  journal = {Mod Pathol}
}
@article{mcgenity2024a,
  citation-number = {3.},
  author = {McGenity, C.},
  title = {Artificial intelligence in digital pathology: a systematic review and meta-analysis of diagnostic test accuracy},
  volume = {7},
  pages = {1–19},
  date = {2024},
  language = {en},
  journal = {npj Digit. Med}
}
@article{pizurica2024a,
  citation-number = {4.},
  author = {Pizurica, M.},
  title = {Digital profiling of gene expression from histology images with linearized attention},
  volume = {15},
  pages = {9886},
  date = {2024},
  language = {en},
  journal = {Nat Commun}
}
@book{fischer2008a,
  citation-number = {5.},
  author = {Fischer, A.H. and Jacobson, K.A. and Rose, J. and Zeller, R.},
  title = {Hematoxylin and Eosin Staining of Tissue and Cell Sections},
  publisher = {Cold Spring Harb Protoc},
  date = {2008},
  pages = {4986},
  language = {en}
}
@misc{johnson2023a,
  citation-number = {6.},
  author = {Johnson, J.A.I.},
  title = {Digitize Your Biology! Modeling Multicellular Systems through Interpretable Cell Behavior},
  url = {http://biorxiv.org/lookup/doi/10.1101/2023.09.17.557982},
  date = {2023},
  doi = {10.1101/2023.09.17.557982.},
  language = {en}
}
@article{haan2021a,
  citation-number = {7.},
  author = {Haan, K.},
  title = {Deep learning-based transformation of H&E stained tissues into special stains},
  volume = {12},
  pages = {4884},
  date = {2021},
  language = {en},
  journal = {Nat Commun}
}
@article{morrison2022a,
  citation-number = {8.},
  author = {Morrison, L.E. and Lefever, M.R. and Lewis, H.N. and Kapadia, M.J. and Bauer, D.R.},
  title = {Conventional histological and cytological staining with simultaneous immunohistochemistry enabled by invisible chromogens},
  volume = {102},
  pages = {545–553},
  date = {2022},
  language = {en},
  journal = {Lab Invest}
}
@article{salvi2024a,
  citation-number = {9.},
  author = {Salvi, M.},
  title = {Computational Synthesis of Histological Stains: A Step Toward Virtual Enhanced Digital Pathology},
  volume = {34},
  pages = {23165},
  date = {2024},
  language = {en},
  journal = {International Journal of Imaging Systems and Technology}
}
@article{li2018a,
  citation-number = {10.},
  author = {Li, Y.},
  title = {Hematoxylin and eosin staining of intact tissues via delipidation and ultrasound},
  volume = {8},
  pages = {12259},
  date = {2018},
  language = {en},
  journal = {Sci Rep}
}
@article{bai2023a,
  citation-number = {11.},
  author = {Bai, B.},
  title = {Deep learning-enabled virtual histological staining of biological samples},
  volume = {12},
  pages = {57},
  date = {2023},
  language = {en},
  journal = {Light Sci Appl}
}
@article{li2019a,
  citation-number = {12.},
  author = {Li, H.},
  title = {Quantitative nuclear histomorphometric features are predictive of Oncotype DX risk categories in ductal carcinoma in situ: preliminary findings},
  volume = {21},
  pages = {114},
  date = {2019},
  language = {en},
  journal = {Breast Cancer Res}
}
@article{serafin2023a,
  citation-number = {13.},
  author = {Serafin, R.},
  title = {Nondestructive 3D pathology with analysis of nuclear features for prostate cancer risk assessment},
  volume = {260},
  pages = {390–401},
  date = {2023},
  language = {en},
  journal = {The Journal of Pathology}
}
@article{bhattacharjee2022a,
  citation-number = {14.},
  author = {Bhattacharjee, S.},
  title = {Cluster Analysis of Cell Nuclei in H&E-Stained Histological Sections of Prostate Cancer and Classification Based on Traditional and Modern Artificial Intelligence Techniques},
  volume = {12},
  pages = {15},
  date = {2022},
  language = {en},
  journal = {Diagnostics}
}
@article{mahbod2021a,
  citation-number = {15.},
  author = {Mahbod, A.},
  title = {CryoNuSeg: A dataset for nuclei instance segmentation of cryosectioned H&E-stained histological images},
  volume = {132},
  pages = {104349},
  date = {2021},
  language = {en},
  journal = {Computers in Biology and Medicine}
}
@article{doan2022a,
  citation-number = {16.},
  author = {Doan, T.N.N. and Song, B. and Vuong, T.T.L. and Kim, K. and Kwak, J.T.},
  title = {SONNET: A Self-Guided Ordinal Regression Neural Network for Segmentation and Classification of Nuclei in Large-Scale Multi-Tissue Histology Images},
  volume = {26},
  pages = {3218–3228},
  date = {2022},
  language = {en},
  journal = {IEEE Journal of Biomedical and Health Informatics}
}
@article{graham2024a,
  citation-number = {17.},
  author = {Graham, S.},
  title = {CoNIC Challenge: Pushing the frontiers of nuclear detection, segmentation, classification and counting},
  volume = {92},
  pages = {103047},
  date = {2024},
  language = {en},
  journal = {Medical Image Analysis}
}
@article{verma2021a,
  citation-number = {18.},
  author = {Verma, R.},
  title = {MoNuSAC2020: A Multi-Organ Nuclei Segmentation and Classification Challenge},
  volume = {40},
  pages = {3413–3423},
  date = {2021},
  language = {en},
  journal = {IEEE Transactions on Medical Imaging}
}
@article{greenwald2022a,
  citation-number = {19.},
  author = {Greenwald, N.F.},
  title = {Whole-cell segmentation of tissue images with human-level performance using large-scale data annotation and deep learning},
  volume = {40},
  pages = {555–565},
  date = {2022},
  language = {en},
  journal = {Nat Biotechnol}
}
@article{durkee2021a,
  citation-number = {20.},
  author = {Durkee, M.S. and Abraham, R. and Clark, M.R. and Giger, M.L.},
  title = {Artificial Intelligence and Cellular Segmentation in Tissue Microscopy Images},
  volume = {191},
  pages = {1693–1701},
  date = {2021},
  language = {en},
  journal = {The American Journal of Pathology}
}
@misc{forjaz2024a,
  citation-number = {21.},
  author = {Forjaz, A.},
  title = {Three-dimensional assessments are necessary to determine the true, spatially-resolved composition of tissues. bioRxiv 2023.12.04.569986},
  date = {2024},
  doi = {10.1101/2023.12.04.569986.},
  language = {en}
}
@article{liu2023a,
  citation-number = {22.},
  author = {Liu, J.T.},
  title = {Engineering the future of 3D pathology},
  volume = {2},
  date = {2023},
  doi = {10.1002/cjp2.347.},
  language = {en},
  journal = {The Journal of Pathology CR},
  number = {347}
}
@article{nolte2023a,
  citation-number = {23.},
  author = {Nolte, P.},
  title = {Spatial correlation of 2D hard-tissue histology with 3D microCT scans through 3D printed phantoms},
  volume = {13},
  pages = {18479},
  date = {2023},
  language = {en},
  journal = {Sci Rep}
}
@article{mo2024a,
  citation-number = {24.},
  author = {Mo, C.-K.},
  title = {Tumour evolution and microenvironment interactions in 2D and 3D space},
  volume = {634},
  pages = {1178–1186},
  date = {2024},
  language = {en},
  journal = {Nature}
}
@article{song2024a,
  citation-number = {25.},
  author = {Song, A.H.},
  title = {Analysis of 3D pathology samples using weakly supervised AI},
  volume = {187},
  pages = {2502–2520 17},
  date = {2024},
  language = {en},
  journal = {Cell}
}
@article{bishop2024a,
  citation-number = {26.},
  author = {Bishop, K.W.},
  title = {An end-to-end workflow for nondestructive 3D pathology},
  date = {2024},
  doi = {10.1038/s41596-023-00934-4.},
  language = {en},
  journal = {Nat Protoc}
}
@misc{song2023a,
  citation-number = {27.},
  author = {Song, A.H.},
  title = {Weakly Supervised AI for Efficient Analysis of 3D Pathology Samples},
  note = {ArXiv arXiv:2307.14907v1},
  date = {2023},
  arxiv = {2307.14907v1},
  language = {en}
}
@article{pienta1992a,
  citation-number = {28.},
  author = {Pienta, K.J. and Coffey, D.S.},
  title = {Nuclear-cytoskeletal interactions: evidence for physical connections between the nucleus and cell periphery and their alteration by transformation},
  volume = {49},
  pages = {357–365},
  date = {1992},
  language = {en},
  journal = {J Cell Biochem}
}
@article{versaevel2012a,
  citation-number = {29.},
  author = {Versaevel, M. and Grevesse, T. and Gabriele, S.},
  title = {Spatial coordination between cell and nuclear shape within micropatterned endothelial cells},
  volume = {3},
  pages = {671},
  date = {2012},
  language = {en},
  journal = {Nat Commun}
}
@article{lammerding2004a,
  citation-number = {30.},
  author = {Lammerding, J.},
  title = {Lamin A/C deficiency causes defective nuclear mechanics and mechanotransduction},
  volume = {113},
  pages = {370–378},
  date = {2004},
  language = {en},
  journal = {J Clin Invest}
}
@article{wu2020a,
  citation-number = {31.},
  author = {Wu, P.-H.},
  title = {Single-cell morphology encodes metastatic potential},
  volume = {6},
  pages = {6938},
  date = {2020},
  language = {en},
  journal = {Science Advances}
}
@article{lu2018a,
  citation-number = {32.},
  author = {Lu, C.},
  title = {Nuclear shape and orientation features from H&E images predict survival in early-stage estrogen receptor-positive breast cancers},
  volume = {98},
  pages = {1438–1448},
  date = {2018},
  language = {en},
  journal = {Lab Invest}
}
@article{zink2004a,
  citation-number = {33.},
  author = {Zink, D. and Fischer, A.H. and Nickerson, J.A.},
  title = {Nuclear structure in cancer cells},
  volume = {4},
  pages = {677–687},
  date = {2004},
  language = {en},
  journal = {Nat Rev Cancer}
}
@article{bissell2011a,
  citation-number = {34.},
  author = {Bissell, M.J. and Hines, W.C.},
  title = {Why don’t we get more cancer? A proposed role of the microenvironment in restraining cancer progression},
  volume = {17},
  pages = {320–329},
  date = {2011},
  language = {en},
  journal = {Nat Med}
}
@article{weaver1997a,
  citation-number = {35.},
  author = {Weaver, V.M.},
  title = {Reversion of the malignant phenotype of human breast cells in three-dimensional culture and in vivo by integrin blocking antibodies},
  volume = {137},
  pages = {231–245},
  date = {1997},
  language = {en},
  journal = {J Cell Biol}
}
@article{kim2015a,
  citation-number = {36.},
  author = {Kim, D.-H. and Wirtz, D.},
  title = {Cytoskeletal tension induces the polarized architecture of the nucleus},
  volume = {48},
  pages = {161–172},
  date = {2015},
  language = {en},
  journal = {Biomaterials}
}
@article{kim2014a,
  citation-number = {37.},
  author = {Kim, D.-H. and Cho, S. and Wirtz, D.},
  title = {Tight coupling between nucleus and cell migration through the perinuclear actin cap},
  volume = {127},
  pages = {2528–2541},
  date = {2014},
  language = {en},
  journal = {Journal of Cell Science}
}
@article{chambliss2013a,
  citation-number = {38.},
  author = {Chambliss, A.B.},
  title = {The LINC-anchored actin cap connects the extracellular milieu to the nucleus for ultrafast mechanotransduction},
  volume = {3},
  pages = {1087},
  date = {2013},
  language = {en},
  journal = {Sci Rep}
}
@article{dahl2008a,
  citation-number = {39.},
  author = {Dahl, K.N. and Ribeiro, A.J.S. and Lammerding, J.},
  title = {Nuclear shape, mechanics, and mechanotransduction},
  volume = {102},
  pages = {1307–1318},
  date = {2008},
  language = {en},
  journal = {Circ Res}
}
@article{wang2009a,
  citation-number = {40.},
  author = {Wang, N. and Tytell, J.D. and Ingber, D.E.},
  title = {Mechanotransduction at a distance: mechanically coupling the extracellular matrix with the nucleus},
  volume = {10},
  pages = {75–82},
  date = {2009},
  language = {en},
  journal = {Nat Rev Mol Cell Biol}
}
@article{dunn2019a,
  citation-number = {41.},
  author = {Dunn, K.W.},
  title = {DeepSynth: Three-dimensional nuclear segmentation of biological images using neural networks trained with synthetic data},
  volume = {9},
  pages = {18295},
  date = {2019},
  language = {en},
  journal = {Sci Rep}
}
@article{kalinin2018a,
  citation-number = {42.},
  author = {Kalinin, A.A.},
  title = {3D Shape Modeling for Cell Nuclear Morphological Analysis and Classification},
  volume = {8},
  pages = {13658},
  date = {2018},
  language = {en},
  journal = {Sci Rep}
}
@article{wu2023a,
  citation-number = {43.},
  author = {Wu, L.},
  title = {NISNet3D: three-dimensional nuclear synthesis and instance segmentation for fluorescence microscopy images},
  volume = {13},
  pages = {9533},
  date = {2023},
  language = {en},
  journal = {Sci Rep}
}
@article{caicedo2019a,
  citation-number = {44.},
  author = {Caicedo, J.C.},
  title = {Evaluation of Deep Learning Strategies for Nucleus Segmentation in Fluorescence Images},
  volume = {95},
  pages = {952–965},
  date = {2019},
  language = {en},
  journal = {Cytometry A}
}
@misc{kiemen2024a,
  citation-number = {45.},
  author = {Kiemen, A.L.},
  title = {3D histology reveals that immune response to pancreatic precancers is heterogeneous and depends on global pancreas structure},
  date = {2024},
  doi = {10.1101/2024.08.03.606493.},
  language = {en}
}
@article{braxton2024a,
  citation-number = {46.},
  author = {Braxton, A.M.},
  title = {3D genomic mapping reveals multifocality of human pancreatic precancers},
  volume = {629},
  pages = {679–687},
  date = {2024},
  language = {en},
  journal = {Nature}
}
@article{cavo2016a,
  citation-number = {47.},
  author = {Cavo, M.},
  title = {Microenvironment complexity and matrix stiffness regulate breast cancer cell activity in a 3D in vitro model},
  volume = {6},
  pages = {35367},
  date = {2016},
  language = {en},
  journal = {Sci Rep}
}
@misc{unknown-a,
  citation-number = {48.},
  title = {Cell–cell communication: new insights and clinical implications | Signal Transduction and Targeted Therapy},
  url = {https://www.nature.com/articles/s41392-024-01888-z.},
  language = {en}
}
@article{mito2021a,
  citation-number = {49.},
  author = {Mito, I.},
  title = {Comprehensive analysis of immune cell enrichment in the tumor microenvironment of head and neck squamous cell carcinoma},
  volume = {11},
  pages = {16134},
  date = {2021},
  language = {en},
  journal = {Sci Rep}
}
@article{mayer2023a,
  citation-number = {50.},
  author = {Mayer, S.},
  title = {The tumor microenvironment shows a hierarchy of cell-cell interactions dominated by fibroblasts},
  volume = {14},
  pages = {5810},
  date = {2023},
  language = {en},
  journal = {Nat Commun}
}
@misc{unknown-b,
  citation-number = {51.},
  title = {Innate immune cells in tumor microenvironment: A new frontier in cancer immunotherapy: iScience},
  url = {https://www.cell.com/iscience/fulltext/S2589-0042(24)01975-8.},
  language = {en}
}
@article{tang2021a,
  citation-number = {52.},
  author = {Tang, T.},
  title = {Advantages of targeting the tumor immune microenvironment over blocking immune checkpoint in cancer immunotherapy},
  volume = {6},
  pages = {1–13},
  date = {2021},
  language = {en},
  journal = {Sig Transduct Target Ther}
}
@article{nirmal2018a,
  citation-number = {53.},
  author = {Nirmal, A.J.},
  title = {Immune Cell Gene Signatures for Profiling the Microenvironment of Solid Tumors},
  volume = {6},
  pages = {1388–1400},
  date = {2018},
  language = {en},
  journal = {Cancer Immunology Research}
}
@article{galli2020a,
  citation-number = {54.},
  author = {Galli, F.},
  title = {Relevance of immune cell and tumor microenvironment imaging in the new era of immunotherapy},
  volume = {39},
  pages = {89},
  date = {2020},
  language = {en},
  journal = {Journal of Experimental & Clinical Cancer Research}
}
@article{visser2023a,
  citation-number = {55.},
  author = {Visser, K.E. and Joyce, J.A.},
  title = {The evolving tumor microenvironment: From cancer initiation to metastatic outgrowth},
  volume = {41},
  pages = {374–403},
  date = {2023},
  language = {en},
  journal = {Cancer Cell}
}
@article{barrera2023a,
  citation-number = {56.},
  author = {Barrera, C.},
  title = {Deep computational image analysis of immune cell niches reveals treatment-specific outcome associations in lung cancer. npj Precis},
  volume = {7},
  pages = {1–17},
  date = {2023},
  language = {en},
  journal = {Onc}
}
@article{daetwyler2023a,
  citation-number = {57.},
  author = {Daetwyler, S. and Fiolka, R.P.},
  title = {Light-sheets and smart microscopy, an exciting future is dawning},
  volume = {6},
  pages = {1–11},
  date = {2023},
  language = {en},
  journal = {Commun Biol}
}
@article{lee2016a,
  citation-number = {58.},
  author = {Lee, E.},
  title = {ACT-PRESTO: Rapid and consistent tissue clearing and labeling method for 3-dimensional (3D) imaging},
  volume = {6},
  pages = {18631},
  date = {2016},
  language = {en},
  journal = {Sci Rep}
}
@article{prince2024a,
  citation-number = {59.},
  author = {Prince, M.N.H.},
  title = {Signal improved ultra-fast light-sheet microscope for large tissue imaging},
  volume = {3},
  pages = {1–13},
  date = {2024},
  language = {en},
  journal = {Commun Eng}
}
@article{kiemen2022a,
  citation-number = {60.},
  author = {Kiemen, A.L.},
  title = {CODA: quantitative 3D reconstruction of large tissues at cellular resolution},
  volume = {19},
  pages = {1490–1499},
  date = {2022},
  language = {ca},
  journal = {Nat Methods}
}
@article{kiemen2023a,
  citation-number = {61.},
  author = {Kiemen, A.L.},
  title = {Tissue clearing and 3D reconstruction of digitized, serially sectioned slides provide novel insights into pancreatic cancer},
  volume = {4},
  pages = {75–91},
  date = {2023},
  language = {en},
  journal = {Med}
}
@article{kuett2021a,
  citation-number = {62.},
  author = {Kuett, L.},
  title = {Three-dimensional imaging mass cytometry for highly multiplexed molecular and cellular mapping of tissues and the tumor microenvironment},
  volume = {3},
  pages = {122–133},
  date = {2021},
  language = {en},
  journal = {Nat Cancer}
}
@article{wang2015a,
  citation-number = {63.},
  author = {Wang, C.-W. and Budiman Gosno, E. and Li, Y.-S.},
  title = {Fully automatic and robust 3D registration of serial-section microscopic images},
  volume = {5},
  pages = {15051},
  date = {2015},
  language = {en},
  journal = {Sci Rep}
}
@misc{bell2022a,
  citation-number = {64.},
  author = {Bell, A.T.F.},
  title = {PanIN and CAF Transitions in Pancreatic Carcinogenesis Revealed with Spatial Data Integration},
  url = {http://biorxiv.org/lookup/doi/10.1101/2022.07.16.500312},
  date = {2022},
  doi = {10.1101/2022.07.16.500312.},
  language = {en}
}
@article{crawford2024a,
  citation-number = {65.},
  author = {Crawford, A.J.},
  title = {Combined assembloid modeling and 3D whole-organ mapping captures the microanatomy and function of the human fallopian tube},
  volume = {10},
  pages = {6285},
  date = {2024},
  language = {en},
  journal = {Science Advances}
}
@misc{schmidt2018a,
  citation-number = {66.},
  author = {Schmidt, U. and Weigert, M. and Broaddus, C. and Myers, G.},
  title = {Cell Detection with Star-convex Polygons},
  volume = {in vol. 11071},
  pages = {265–273},
  date = {2018},
  language = {en}
}
@article{stringer2021a,
  citation-number = {67.},
  author = {Stringer, C. and Wang, T. and Michaelos, M. and Pachitariu, M.},
  title = {Cellpose: a generalist algorithm for cellular segmentation},
  volume = {18},
  pages = {100–106},
  date = {2021},
  language = {da},
  journal = {Nat Methods}
}
@article{phillip2017a,
  citation-number = {68.},
  author = {Phillip, J.M.},
  title = {Biophysical and biomolecular determination of cellular age in humans},
  volume = {1},
  pages = {1–12},
  date = {2017},
  language = {en},
  journal = {Nat Biomed Eng}
}
@article{bankhead2017a,
  citation-number = {69.},
  author = {Bankhead, P.},
  title = {QuPath: Open source software for digital pathology image analysis},
  volume = {7},
  pages = {16878},
  date = {2017},
  language = {en},
  journal = {Sci Rep}
}
@misc{m-a,
  citation-number = {70.},
  author = {M.A.T.L.A.B.},
  title = {The MathWorks Inc},
  language = {ja}
}
@misc{unknown-c,
  citation-number = {71.},
  title = {Quantile Regression Forests},
  url = {https://www.researchgate.net/publication/220320053_Quantile_Regression_Forests.},
  language = {la}
}
@misc{loh2002a,
  citation-number = {72.},
  author = {Loh, Wei-Yin},
  date = {2002},
  title = {Regression trees with unbiased variable selection and interaction detection},
  note = {Vol.12, No.2.},
  url = {https://www3.stat.sinica.edu.tw/statistica/j12n2/j12n21/j12n21.htm.},
  language = {en}
}
@article{breiman2001a,
  citation-number = {73.},
  author = {Breiman, L.},
  title = {Random Forests},
  volume = {45},
  pages = {5–32},
  date = {2001},
  language = {en},
  journal = {Machine Learning}
}
@misc{unknown-d,
  citation-number = {74.},
  title = {OpenSlide: A vendor-neutral software foundation for digital pathology - ScienceDirect},
  url = {https://www.sciencedirect.com/science/article/pii/S2153353922006484.},
  language = {da}
}
@misc{chen2016a,
  citation-number = {75.},
  author = {Chen, L.-C. and Papandreou, G. and Kokkinos, I. and Murphy, K. and Yuille, A.L.DeepLab},
  title = {Semantic Image Segmentation with Deep Convolutional Nets, Atrous Convolution, and Fully Connected CRFs},
  date = {2016},
  doi = {10.48550/ARXIV.1606.00915.},
  language = {en}
}
@misc{han2024a,
  citation-number = {76.},
  author = {Han, K.S.},
  title = {qMAP enabled microanatomical mapping of human skin aging. bioRxiv 2024.04.03.588011},
  date = {2024},
  doi = {10.1101/2024.04.03.588011.},
  language = {en}
}
