@article{croxatto2002a,
  author = {Croxatto, H.B.},
  title = {Physiology of gamete and embryo transport through the Fallopian tube},
  volume = {4},
  pages = {160–169},
  date = {2002},
  language = {en},
  journal = {Reprod Biomed Online}
}
@article{leese2001a,
  citation-number = {2.},
  author = {Leese, H. and Tay, J. and Reischl, J. and Downing, S.},
  title = {Formation of Fallopian tubal fluid: role of a neglected epithelium},
  pages = {339–346},
  date = {2001},
  language = {en},
  journal = {Reproduction}
}
@article{shao2010a,
  citation-number = {3.},
  author = {Shao, R.},
  title = {Understanding the mechanisms of human tubal ectopic pregnancies: new evidence from knockout mouse models},
  volume = {25},
  pages = {584–587},
  date = {2010},
  language = {en},
  journal = {Hum Reprod}
}
@article{chua2017a,
  citation-number = {4.},
  author = {Chua, S.J. and Akande, V.A. and Mol, B.W.J.},
  title = {Surgery for tubal infertility},
  volume = {1},
  pages = {006415– 006415},
  date = {2017},
  language = {en},
  journal = {Cochrane Database Syst Rev}
}
@article{zondervan2020a,
  citation-number = {5.},
  author = {Zondervan, K.T. and Becker, C.M. and Missmer, S.A.},
  title = {Endometriosis},
  volume = {382},
  pages = {1244–1256},
  date = {2020},
  language = {sr},
  journal = {New England Journal of Medicine}
}
@article{shafrir2018a,
  citation-number = {6.},
  author = {Shafrir, A.L. and Farland, L.V. and Shah, D.K. and Harris, H.R. and Kvaskoff, M. and Zondervan, K. and Missmer, S.A.},
  title = {Risk for and consequences of endometriosis: A critical epidemiologic review},
  volume = {51},
  pages = {1–15},
  date = {2018},
  language = {en},
  journal = {Best Pract Res Clin Obstet Gynaecol}
}
@article{labidi-galy2017a,
  citation-number = {7.},
  author = {Labidi-Galy, S.I. and Papp, E. and Hallberg, D. and Niknafs, N. and Adleff, V. and Noe, M. and Bhattacharya, R. and Novak, M. and Jones, S. and Phallen, J. and Hruban, C.A. and Hirsch, M.S. and Lin, D.I. and Schwartz, L. and Maire, C.L. and Tille, J.-C. and Bowden, M. and Ayhan, A. and Wood, L.D. and Scharpf, R.B. and Kurman, R. and Wang, T.-L. and Shih, I.-M. and Karchin, R. and Drapkin, R. and Velculescu, V.E.},
  title = {High grade serous ovarian carcinomas originate in the fallopian tube},
  volume = {8},
  pages = {1093},
  date = {2017},
  language = {ms},
  journal = {Nat Commun}
}
@article{shih2021a,
  citation-number = {8.},
  author = {Shih, I.-M. and Wang, Y. and Wang, T.-L.},
  title = {The Origin of Ovarian Cancer Species and Precancerous Landscape},
  volume = {191},
  pages = {26–39},
  date = {2021},
  language = {da},
  journal = {Am J Pathol}
}
@article{chumduri2021a,
  citation-number = {9.},
  author = {Chumduri, C. and Turco, M.Y.},
  title = {Organoids of the female reproductive tract},
  volume = {99},
  pages = {531–553},
  date = {2021},
  language = {en},
  journal = {J Mol Med}
}
@article{alzamil2021a,
  citation-number = {10.},
  author = {Alzamil, L. and Nikolakopoulou, K. and Turco, M.Y.},
  title = {Organoid systems to study the human female reproductive tract and pregnancy},
  volume = {28},
  pages = {35–51},
  date = {2021},
  language = {en},
  journal = {Cell Death Differ}
}
@article{lengyel2014a,
  citation-number = {11.},
  author = {Lengyel, E. and Burdette, J.E. and Kenny, H.A. and Matei, D. and Pilrose, J. and Haluska, P. and Nephew, K.P. and Hales, D.B. and Stack, M.S.},
  title = {Epithelial ovarian cancer experimental models},
  volume = {33},
  pages = {3619–3633},
  date = {2014},
  language = {da},
  journal = {Oncogene}
}
@article{rangarajan2004a,
  citation-number = {12.},
  author = {Rangarajan, A. and Hong, S.J. and Gifford, A. and Weinberg, R.A.},
  title = {Species- and cell type-specific requirements for cellular transformation},
  volume = {6},
  pages = {171–183},
  date = {2004},
  language = {en},
  journal = {Cancer Cell}
}
@article{jones2013a,
  citation-number = {13.},
  author = {Jones, P.M. and Drapkin, R.},
  title = {Modeling High-Grade Serous Carcinoma: How Converging Insights into Pathogenesis and Genetics are Driving Better Experimental Platforms},
  volume = {3},
  date = {2013},
  language = {en},
  journal = {Front Oncol}
}
@article{mccloskey2014a,
  citation-number = {14.},
  author = {McCloskey, C.W. and Goldberg, R.L. and Carter, L.E. and Gamwell, L.F. and Al-Hujaily, E.M. and Collins, O. and Macdonald, E.A. and Garson, K. and Daneshmand, M. and Carmona, E. and Vanderhyden, B.C.},
  title = {A New Spontaneously Transformed Syngeneic Model of High-Grade Serous Ovarian Cancer with a Tumor-Initiating Cell Population},
  volume = {4},
  date = {2014},
  language = {en},
  journal = {Front Oncol}
}
@article{gruemmer2006a,
  citation-number = {15.},
  author = {Grümmer, R.},
  title = {Animal models in endometriosis research},
  volume = {12},
  pages = {641–649},
  date = {2006},
  language = {id},
  journal = {Hum Reprod Update}
}
@article{greaves2014a,
  citation-number = {16.},
  author = {Greaves, E. and Cousins, F.L. and Murray, A. and Esnal-Zufiaurre, A. and Fassbender, A. and Horne, A.W. and Saunders, P.T.K.},
  title = {A Novel Mouse Model of Endometriosis Mimics Human Phenotype and Reveals Insights into the Inflammatory Contribution of Shed Endometrium},
  volume = {184},
  pages = {1930–1939},
  date = {2014},
  language = {en},
  journal = {Am J Pathol}
}
@article{zondervan2018a,
  citation-number = {17.},
  author = {Zondervan, K.T. and Becker, C.M. and Koga, K. and Missmer, S.A. and Taylor, R.N. and Viganò, P.},
  title = {Endometriosis},
  volume = {4, 9},
  date = {2018},
  language = {id},
  journal = {Nat Rev Dis Primers}
}
@article{howell2014a,
  citation-number = {18.},
  author = {Howell, V.M.},
  title = {Genetically engineered mouse models for epithelial ovarian cancer: Are we there yet?},
  volume = {27},
  pages = {106–117},
  date = {2014},
  language = {en},
  journal = {Semin Cell Dev Biol}
}
@article{murphy2022a,
  citation-number = {19.},
  author = {Murphy, A.R. and Campo, H. and Kim, J.J.},
  title = {Strategies for modelling endometrial diseases},
  volume = {18},
  pages = {727–743},
  date = {2022},
  language = {af},
  journal = {Nat Rev Endocrinol}
}
@misc{wheeler1982a,
  citation-number = {20.},
  author = {Wheeler, J.E.},
  title = {Pathology of the Fallopian Tube” in Pathology of the Female Genital Tract},
  date = {1982},
  pages = {393–415},
  language = {en},
  address = {Springer New York, New York, NY}
}
@article{popescu2005a,
  citation-number = {21.},
  author = {Popescu, L.M. and Ciontea, S.M. and Cretoiu, D. and Hinescu, M.E. and Radu, E. and Ionescu, N. and Ceausu, M. and Gherghiceanu, M. and Braga, R.I. and Vasilescu, F. and Zagrean, L. and Ardeleanu, C.},
  title = {Novel type of interstitial cell (Cajal-like) in human fallopian tube},
  volume = {9},
  pages = {479–523},
  date = {2005},
  language = {no},
  journal = {J Cell Mol Med}
}
@article{lyons2002a,
  citation-number = {22.},
  author = {Lyons, R.A. and Djahanbakhch, O. and Saridogan, E. and Naftalin, A.A. and Mahmood, T. and Weekes, A. and Chenoy, R.},
  title = {Peritoneal fluid, endometriosis, and ciliary beat frequency in the human fallopian tube},
  volume = {360},
  pages = {1221–1222},
  date = {2002},
  language = {en},
  journal = {The Lancet}
}
@article{amso1994a,
  citation-number = {23.},
  author = {Amso, N.N. and Crow, J. and Shaw, R.W.},
  title = {Endocrinology: Comparative immunohistochemical study of oestrogen and progesterone receptors in the Fallopian tube and uterus at different stages of the menstrual cycle and the menopause},
  volume = {9},
  pages = {1027–1037},
  date = {1994},
  language = {en},
  journal = {Human Reproduction}
}
@article{lyons2002b,
  citation-number = {24.},
  author = {Lyons, R.A. and Djahanbakhch, O. and Mahmood, T. and Saridogan, E. and Sattar, S. and Sheaff, M.T. and Naftalin, A.A. and Chenoy, R.},
  title = {Fallopian tube ciliary beat frequency in relation to the stage of menstrual cycle and anatomical site},
  volume = {17},
  pages = {584–588},
  date = {2002},
  language = {en},
  journal = {Human Reproduction}
}
@article{crow1994a,
  citation-number = {25.},
  author = {Crow, J. and Amso, N.N. and Lewin, J. and Shaw, R.W.},
  title = {Physiology: Morphology and ultrastructure of Fallopian tube epithelium at different stages of the menstrual cycle and menopause},
  volume = {9},
  pages = {2224–2233},
  date = {1994},
  language = {en},
  journal = {Human Reproduction}
}
@article{kanton2022a,
  citation-number = {26.},
  author = {Kanton, S. and Paşca, S.P.},
  title = {Human assembloids},
  pages = {149},
  date = {2022},
  language = {lb},
  journal = {Development}
}
@article{pa2022a,
  citation-number = {27.},
  author = {Pașca, S.P. and Arlotta, P. and Bateup, H.S. and Camp, J.G. and Cappello, S. and Gage, F.H. and Knoblich, J.A. and Kriegstein, A.R. and Lancaster, M.A. and Ming, G.-L. and Muotri, A.R. and Park, I.-H. and Reiner, O. and Song, H. and Studer, L. and Temple, S. and Testa, G. and Treutlein, B. and Vaccarino, F.M.},
  title = {A nomenclature consensus for nervous system organoids and assembloids},
  volume = {609},
  pages = {907–910},
  date = {2022},
  language = {fr},
  journal = {Nature}
}
@article{kessler2015a,
  citation-number = {28.},
  author = {Kessler, M. and Hoffmann, K. and Brinkmann, V. and Thieck, O. and Jackisch, S. and Toelle, B. and Berger, H. and Mollenkopf, H.-J. and Mangler, M. and Sehouli, J. and Fotopoulou, C. and Meyer, T.F.},
  title = {The Notch and Wnt pathways regulate stemness and differentiation in human fallopian tube organoids},
  volume = {6},
  pages = {8989},
  date = {2015},
  language = {en},
  journal = {Nat Commun}
}
@article{xie2018a,
  citation-number = {29.},
  author = {Xie, Y. and Park, E.-S. and Xiang, D. and Li, Z.},
  title = {Long-term organoid culture reveals enrichment of organoid-forming epithelial cells in the fimbrial portion of mouse fallopian tube},
  volume = {32},
  pages = {51–60},
  date = {2018},
  language = {en},
  journal = {Stem Cell Res}
}
@misc{feng2022a,
  citation-number = {30.},
  author = {Feng, L. and Yang, W. and Zhao, H. and Bakkum-Gamez, J. and Sherman, M.E. and Kannan, N.},
  title = {Protocol for the Detection of Organoid-Initiating Cell Activity in Patient-Derived Single Fallopian Tube Epithelial Cells},
  date = {2022},
  pages = {445–454},
  language = {en}
}
@article{kiemen2022a,
  citation-number = {31.},
  author = {Kiemen, A.L. and Braxton, A.M. and Grahn, M.P. and Han, K.S. and Babu, J.M. and Reichel, R. and Jiang, A.C. and Kim, B. and Hsu, J. and Amoa, F. and Reddy, S. and Hong, S.-M. and Cornish, T.C. and Thompson, E.D. and Huang, P. and Wood, L.D. and Hruban, R.H. and Wirtz, D. and Wu, P.-H.},
  title = {CODA: quantitative 3D reconstruction of large tissues at cellular resolution},
  volume = {19},
  pages = {1490–1499},
  date = {2022},
  language = {ca},
  journal = {Nat Methods}
}
@article{sneider2022a,
  citation-number = {32.},
  author = {Sneider, A. and Kiemen, A. and Kim, J.H. and Wu, P.-H. and Habibi, M. and White, M. and Phillip, J.M. and Gu, L. and Wirtz, D.},
  title = {Deep learning identification of stiffness markers in breast cancer},
  volume = {285},
  pages = {121540},
  date = {2022},
  language = {en},
  journal = {Biomaterials}
}
@article{yang2022a,
  citation-number = {33.},
  author = {Yang, H. and Karl, M.N. and Wang, W. and Starich, B. and Tan, H. and Kiemen, A. and Pucsek, A.B. and Kuo, Y.-H. and Russo, G.C. and Pan, T. and Jaffee, E.M. and Fertig, E.J. and Wirtz, D. and Spangler, J.B.},
  title = {Engineered bispecific antibodies targeting the interleukin-6 and -8 receptors potently inhibit cancer cell migration and tumor metastasis},
  volume = {30},
  pages = {3430–3449},
  date = {2022},
  language = {en},
  journal = {Molecular Therapy}
}
@article{xue2022a,
  citation-number = {34.},
  author = {Xue, Y. and Lyu, C. and Taylor, A. and Ee, A. and Kiemen, A. and Choi, Y. and Khavanian, N. and Henn, D. and Lee, C. and Hwang, L. and Wier, E. and Wang, S. and Lee, S. and Li, A. and Kirby, C. and Wang, G. and Wu, P.-H. and Wirtz, D. and Garza, L.A. and Reddy, S.K.},
  title = {Mechanical tension mobilizes Lgr6+ epidermal stem cells to drive skin growth},
  volume = {8},
  date = {2022},
  language = {en},
  journal = {Sci Adv}
}
@article{groot2021a,
  citation-number = {35.},
  author = {Groot, A.E. and Myers, K.V. and Krueger, T.E.G. and Kiemen, A.L. and Nagy, N.H. and Brame, A. and Torres, V.E. and Zhang, Z. and Trabzonlu, L. and Brennen, W.N. and Wirtz, D. and Marzo, A.M. and Amend, S.R. and Pienta, K.J.},
  title = {Characterization of tumor‐associated macrophages in prostate cancer transgenic mouse models},
  volume = {81},
  pages = {629–647},
  date = {2021},
  language = {en},
  journal = {Prostate}
}
@article{kiemen2023a,
  citation-number = {36.},
  author = {Kiemen, A.L. and Damanakis, A.I. and Braxton, A.M. and He, J. and Laheru, D. and Fishman, E.K. and Chames, P. and Pérez, C.A. and Wu, P.-H. and Wirtz, D. and Wood, L.D. and Hruban, R.H.},
  title = {Tissue clearing and 3D reconstruction of digitized, serially sectioned slides provide novel insights into pancreatic cancer},
  volume = {4},
  pages = {75–91},
  date = {2023},
  language = {en},
  journal = {Med}
}
@article{lee2022a,
  citation-number = {37.},
  author = {Lee, M.-H. and Russo, G.C. and Rahmanto, Y.S. and Du, W. and Crawford, A.J. and Wu, P.-H. and Gilkes, D. and Kiemen, A. and Miyamoto, T. and Yu, Y. and Habibi, M. and Shih, I.-M. and Wang, T.-L. and Wirtz, D.},
  title = {Multi-compartment tumor organoids},
  volume = {61},
  pages = {104–116},
  date = {2022},
  language = {la},
  journal = {Materials Today}
}
@article{bast2009a,
  citation-number = {38.},
  author = {Bast, R.C. and Hennessy, B. and Mills, G.B.},
  title = {The biology of ovarian cancer: new opportunities for translation},
  volume = {9},
  pages = {415–428},
  date = {2009},
  language = {en},
  journal = {Nat Rev Cancer}
}
@article{aithal2018a,
  citation-number = {39.},
  author = {Aithal, A. and Rauth, S. and Kshirsagar, P. and Shah, A. and Lakshmanan, I. and Junker, W.M. and Jain, M. and Ponnusamy, M.P. and Batra, S.K.},
  title = {MUC16 as a novel target for cancer therapy},
  volume = {22},
  pages = {675–686},
  date = {2018},
  language = {en},
  journal = {Expert Opin Ther Targets}
}
@article{stockinger2001a,
  citation-number = {40.},
  author = {Stockinger, A. and Eger, A. and Wolf, J. and Beug, H. and Foisner, R.},
  title = {E-cadherin regulates cell growth by modulating proliferation-dependent β-catenin transcriptional activity},
  volume = {154},
  pages = {1185–1196},
  date = {2001},
  language = {en},
  journal = {Journal of Cell Biology}
}
@article{soler1999a,
  citation-number = {41.},
  author = {Soler, C. and Grangeasse, C. and Baggetto, L.G. and Damour, O.},
  title = {Dermal fibroblast proliferation is improved by β-catenin overexpression and inhibited by E-cadherin expression},
  volume = {442},
  pages = {178–182},
  date = {1999},
  language = {en},
  journal = {FEBS Lett}
}
@article{bajpai2008a,
  citation-number = {42.},
  author = {Bajpai, S. and Correia, J. and Feng, Y. and Figueiredo, J. and Sun, S.X. and Longmore, G.D. and Suriano, G. and D.},
  title = {Wirtz, α-Catenin mediates initial E-cadherin-dependent cell–cell recognition and subsequent bond strengthening},
  volume = {105},
  pages = {18331–18336},
  date = {2008},
  language = {en},
  journal = {Proceedings of the National Academy of Sciences}
}
@article{cummins2012a,
  citation-number = {43.},
  author = {Cummins, P.M.},
  title = {Occludin: One Protein, Many Forms},
  volume = {32},
  pages = {242–250},
  date = {2012},
  language = {en},
  journal = {Mol Cell Biol}
}
@article{gillet2012a,
  citation-number = {44.},
  author = {Gillet, L.C. and Navarro, P. and Tate, S. and Röst, H. and Selevsek, N. and Reiter, L. and Bonner, R. and Aebersold, R.},
  title = {Targeted data extraction of the MS/MS spectra generated by data-independent acquisition: a new concept for consistent and accurate proteome analysis},
  volume = {11},
  pages = {111 016717},
  date = {2012},
  language = {en},
  journal = {Mol Cell Proteomics}
}
@article{collins2017a,
  citation-number = {45.},
  author = {Collins, B.C. and Hunter, C.L. and Liu, Y. and Schilling, B. and Rosenberger, G. and Bader, S.L. and Chan, D.W. and Gibson, B.W. and Gingras, A.-C. and Held, J.M. and Hirayama-Kurogi, M. and Hou, G. and Krisp, C. and Larsen, B. and Lin, L. and Liu, S. and Molloy, M.P. and Moritz, R.L. and Ohtsuki, S. and Schlapbach, R. and Selevsek, N. and Thomas, S.N. and Tzeng, S.-C. and Zhang, H. and Aebersold, R.},
  title = {Multi-laboratory assessment of reproducibility, qualitative and quantitative performance of SWATH-mass spectrometry},
  volume = {8},
  pages = {291},
  date = {2017},
  language = {en},
  journal = {Nat Commun}
}
@article{bons2023a,
  citation-number = {46.},
  author = {Bons, J. and Pan, D. and Shah, S. and Bai, R. and Chen‐Tanyolac, C. and Wang, X. and Elliott, D.R.F. and Urisman, A. and O’Broin, A. and Basisty, N. and Rose, J. and Sangwan, V. and Camilleri‐Broët, S. and Tankel, J. and Gascard, P. and Ferri, L. and Tlsty, T.D. and Schilling, B.},
  title = {Data‐independent acquisition and quantification of extracellular matrix from human lung in chronic inflammation‐associated carcinomas},
  volume = {23},
  date = {2023},
  language = {en},
  journal = {Proteomics}
}
@article{meier2020a,
  citation-number = {47.},
  author = {Meier, F. and Brunner, A.-D. and Frank, M. and Ha, A. and Bludau, I. and Voytik, E. and Kaspar-Schoenefeld, S. and Lubeck, M. and Raether, O. and Bache, N. and Aebersold, R. and Collins, B.C. and Röst, H.L. and M.},
  title = {Mann, diaPASEF: parallel accumulation–serial fragmentation combined with data-independent acquisition},
  volume = {17},
  pages = {1229–1236},
  date = {2020},
  language = {en},
  journal = {Nat Methods}
}
@article{burton2022a,
  citation-number = {48.},
  author = {Burton, J.B. and Carruthers, N.J. and Hou, Z. and Matherly, L.H. and Stemmer, P.M.},
  title = {Pattern Analysis of Organellar Maps for Interpretation of Proteomic Data},
  volume = {10},
  pages = {18},
  date = {2022},
  language = {en},
  journal = {Proteomes}
}
@article{thul1979a,
  citation-number = {49.},
  author = {Thul, P.J. and Åkesson, L. and Wiking, M. and Mahdessian, D. and Geladaki, A. and Blal, H.Ait and Alm, T. and Asplund, A. and Björk, L. and Breckels, L.M. and Bäckström, A. and Danielsson, F. and Fagerberg, L. and Fall, J. and Gatto, L. and Gnann, C. and Hober, S. and Hjelmare, M. and Johansson, F. and Lee, S. and Lindskog, C. and Mulder, J. and Mulvey, C.M. and Nilsson, P. and Oksvold, P. and Rockberg, J. and Schutten, R. and Schwenk, J.M. and Sivertsson, Å. and Sjöstedt, E. and Skogs, M. and Stadler, C. and Sullivan, D.P. and Tegel, H. and Winsnes, C. and Zhang, C. and Zwahlen, M. and Mardinoglu, A. and Pontén, F. and Feilitzen, K. and Lilley, K.S. and Uhlén, M. and Lundberg, E.},
  title = {A subcellular map of the human proteome},
  date = {1979},
  pages = {356},
  language = {en},
  journal = {Science}
}
@article{shao2023a,
  citation-number = {50.},
  author = {Shao, X. and Gomez, C.D. and Kapoor, N. and Considine, J.M. and Grams, C. and Gao, Y. and Naba, A.},
  title = {MatrisomeDB 2.0: 2023 updates to the ECM-protein knowledge database},
  volume = {51},
  pages = {1519– 1530},
  date = {2023},
  language = {en},
  journal = {Nucleic Acids Res}
}
@article{clevers2016a,
  citation-number = {51.},
  author = {Clevers, H.},
  title = {Modeling Development and Disease with Organoids},
  volume = {165},
  pages = {1586–1597},
  date = {2016},
  language = {en},
  journal = {Cell}
}
@article{ashburner2000a,
  citation-number = {52.},
  author = {Ashburner, M. and Ball, C.A. and Blake, J.A. and Botstein, D. and Butler, H. and Cherry, J.M. and Davis, A.P. and Dolinski, K. and Dwight, S.S. and Eppig, J.T. and Harris, M.A. and Hill, D.P. and Issel-Tarver, L. and Kasarskis, A. and Lewis, S. and Matese, J.C. and Richardson, J.E. and Ringwald, M. and Rubin, G.M. and Sherlock, G.},
  title = {Gene Ontology: tool for the unification of biology},
  volume = {25},
  pages = {25–29},
  date = {2000},
  language = {en},
  journal = {Nat Genet}
}
@article{aleksander2023a,
  citation-number = {53.},
  author = {Aleksander, S.A. and Balhoff, J. and Carbon, S. and Cherry, J.M. and Drabkin, H.J. and Ebert, D. and Feuermann, M. and Gaudet, P. and Harris, N.L. and Hill, D.P. and Lee, R. and Mi, H. and Moxon, S. and Mungall, C.J. and Muruganugan, A. and Mushayahama, T. and Sternberg, P.W. and Thomas, P.D. and Auken, K. and Ramsey, J. and Siegele, D.A. and Chisholm, R.L. and Fey, P. and Aspromonte, M.C. and Nugnes, M.V. and Quaglia, F. and Tosatto, S. and Giglio, M. and Nadendla, S. and Antonazzo, G. and Attrill, H. and Santos, G. and Marygold, S. and Strelets, V. and Tabone, C.J. and Thurmond, J. and Zhou, P. and Ahmed, S.H. and Asanitthong, P. and Buitrago, D.Luna and Erdol, M.N. and Gage, M.C. and Kadhum, M.Ali and Li, K.Y.C. and Long, M. and Michalak, A. and Pesala, A. and Pritazahra, A. and Saverimuttu, S.C.C. and Su, R. and Thurlow, K.E. and Lovering, R.C. and Logie, C. and Oliferenko, S. and Blake, J. and Christie, K. and Corbani, L. and Dolan, M.E. and Drabkin, H.J. and Hill, D.P. and Ni, L. and Sitnikov, D. and Smith, C. and Cuzick, A. and Seager, J. and Cooper, L. and Elser, J. and Jaiswal, P. and Gupta, P. and Jaiswal, P. and Naithani, S. and Lera-Ramirez, M. and Rutherford, K. and Wood, V. and Pons, J.L. and Dwinell, M.R. and Hayman, G.T. and Kaldunski, M.L. and Kwitek, A.E. and Laulederkind, S.J.F. and Tutaj, M.A. and Vedi, M. and Wang, S.-J. and D’Eustachio, P. and Aimo, L. and Axelsen, K. and Bridge, A. and Hyka-Nouspikel, N. and Morgat, A. and Aleksander, S.A. and Cherry, J.M. and Engel, S.R. and Karra, K. and Miyasato, S.R. and Nash, R.S. and Skrzypek, M.S. and Weng, S. and Wong, E.D. and Bakker, E. and Berardini, T.Z. and Reiser, L. and Auchincloss, A. and Axelsen, K. and Argoud-Puy, G. and Blatter, M.-C. and Boutet, E. and Breuza, L. and Bridge, A. and Casals-Casas, C. and Coudert, E. and Estreicher, A. and Famiglietti, M.Livia and Feuermann, M. and Gos, A. and Gruaz-Gumowski, N. and Hulo, C. and Hyka-Nouspikel, N. and Jungo, F. and Mercier, P.Le and Lieberherr, D. and Masson, P. and Morgat, A. and Pedruzzi, I. and Pourcel, L. and Poux, S. and Rivoire, C. and Sundaram, S. and Bateman, A. and Bowler-Barnett, E. and Bye-A-Jee, H. and Denny, P. and Ignatchenko, A. and Ishtiaq, R. and Lock, A. and Lussi, Y. and Magrane, M. and Martin, M.J. and Orchard, S. and Raposo, P. and Speretta, E. and Tyagi, N. and Warner, K. and Zaru, R. and Diehl, A.D. and Lee, R. and Chan, J. and Diamantakis, S. and Raciti, D. and Zarowiecki, M. and Fisher, M. and James-Zorn, C. and Ponferrada, V. and Zorn, A. and Ramachandran, S. and Ruzicka, L. and Westerfield, M. and Aleksander, S.A. and Balhoff, J. and Carbon, S. and Cherry, J.M. and Drabkin, H.J. and Ebert, D. and Feuermann, M. and Gaudet, P. and Harris, N.L. and Hill, D.P. and Lee, R. and Mi, H. and Moxon, S. and Mungall, C.J. and Muruganugan, A. and Mushayahama, T. and Sternberg, P.W. and Thomas, P.D. and Auken, K. and Ramsey, J. and Siegele, D.A. and Chisholm, R.L. and Fey, P. and Aspromonte, M.C. and Nugnes, M.V. and Quaglia, F. and Tosatto, S. and Giglio, M. and Nadendla, S. and Antonazzo, G. and Attrill, H. and Santos, G. and Marygold, S. and Strelets, V. and Tabone, C.J. and Thurmond, J. and Zhou, P. and Ahmed, S.H. and Asanitthong, P. and Buitrago, D.Luna and Erdol, M.N. and Gage, M.C. and Kadhum, M.Ali and Li, K.Y.C. and Long, M. and Michalak, A. and Pesala, A. and Pritazahra, A. and Saverimuttu, S.C.C. and Su, R. and Thurlow, K.E. and Lovering, R.C. and Logie, C. and Oliferenko, S. and Blake, J. and Christie, K. and Corbani, L. and Dolan, M.E. and Drabkin, H.J. and Hill, D.P. and Ni, L. and Sitnikov, D. and Smith, C. and Cuzick, A. and Seager, J. and Cooper, L. and Elser, J. and Jaiswal, P. and Gupta, P. and Jaiswal, P. and Naithani, S. and Lera-Ramirez, M. and Rutherford, K. and Wood, V. and Pons, J.L. and Dwinell, M.R. and Hayman, G.T. and Kaldunski, M.L. and Kwitek, A.E. and Laulederkind, S.J.F. and Tutaj, M.A. and Vedi, M. and Wang, S.-J. and D’Eustachio, P. and Aimo, L. and Axelsen, K. and Bridge, A. and Hyka-Nouspikel, N. and Morgat, A. and Aleksander, S.A. and Cherry, J.M. and Engel, S.R. and Karra, K. and Miyasato, S.R. and Nash, R.S. and Skrzypek, M.S. and Weng, S. and Wong, E.D. and Bakker, E. and Berardini, T.Z. and Reiser, L. and Auchincloss, A. and Axelsen, K. and Argoud-Puy, G. and Blatter, M.-C. and Boutet, E. and Breuza, L. and Bridge, A. and Casals-Casas, C. and Coudert, E. and Estreicher, A. and Famiglietti, M.Livia and Feuermann, M. and Gos, A. and Gruaz-Gumowski, N. and Hulo, C. and Hyka-Nouspikel, N. and Jungo, F. and Mercier, P.Le and Lieberherr, D. and Masson, P. and Morgat, A. and Pedruzzi, I. and Pourcel, L. and Poux, S. and Rivoire, C. and Sundaram, S. and Bateman, A. and Bowler-Barnett, E. and Bye-A-Jee, H. and Denny, P. and Ignatchenko, A. and Ishtiaq, R. and Lock, A. and Lussi, Y. and Magrane, M. and Martin, M.J. and Orchard, S. and Raposo, P. and Speretta, E. and Tyagi, N. and Warner, K. and Zaru, R. and Diehl, A.D. and Lee, R. and Chan, J. and Diamantakis, S. and Raciti, D. and Zarowiecki, M. and Fisher, M. and James-Zorn, C. and Ponferrada, V. and Zorn, A. and Ramachandran, S. and Ruzicka, L. and Westerfield, M.},
  title = {The Gene Ontology knowledgebase in 2023},
  pages = {224},
  date = {2023},
  language = {fy},
  journal = {Genetics}
}
@article{dunkley2004a,
  citation-number = {54.},
  author = {Dunkley, T.P.J. and Watson, R. and Griffin, J.L. and Dupree, P. and Lilley, K.S.},
  title = {Localization of Organelle Proteins by Isotope Tagging (LOPIT},
  volume = {3},
  pages = {1128–1134},
  date = {2004},
  language = {en},
  journal = {Molecular &amp; Cellular Proteomics}
}
@article{mulvey2017a,
  citation-number = {55.},
  author = {Mulvey, C.M. and Breckels, L.M. and Geladaki, A. and Britovšek, N.K. and Nightingale, D.J.H. and Christoforou, A. and Elzek, M. and Deery, M.J. and Gatto, L. and Lilley, K.S.},
  title = {Using hyperLOPIT to perform high-resolution mapping of the spatial proteome},
  volume = {12},
  pages = {1110–1135},
  date = {2017},
  language = {en},
  journal = {Nat Protoc}
}
@inproceedings{yuan2021a,
  citation-number = {56.},
  author = {Yuan, S. and Wang, Z. and Peng, H. and Ward, S.M. and Hennig, G.W. and Zheng, H. and Yan, W.},
  title = {Oviductal motile cilia are essential for oocyte pickup but dispensable for sperm and embryo transport},
  pages = {118},
  date = {2021},
  language = {en},
  booktitle = {Proceedings of the National Academy of Sciences}
}
@inproceedings{suarez2021a,
  citation-number = {57.},
  author = {Suarez, S.S. and Wolfner, M.F.},
  title = {Cilia take the egg on a magic carpet ride},
  pages = {118},
  date = {2021},
  language = {en},
  booktitle = {Proceedings of the National Academy of Sciences}
}
@article{wanggren2008a,
  citation-number = {58.},
  author = {Wanggren, K. and Stavreus-Evers, A. and Olsson, C. and Andersson, E. and Gemzell-Danielsson, K.},
  title = {Regulation of muscular contractions in the human Fallopian tube through prostaglandins and progestagens},
  volume = {23},
  pages = {2359–2368},
  date = {2008},
  language = {en},
  journal = {Human Reproduction}
}
@article{perets2013a,
  citation-number = {59.},
  author = {Perets, R. and Wyant, G.A. and Muto, K.W. and Bijron, J.G. and Poole, B.B. and Chin, K.T. and Chen, J.Y.H. and Ohman, A.W. and Stepule, C.D. and Kwak, S. and Karst, A.M. and Hirsch, M.S. and Setlur, S.R. and Crum, C.P. and Dinulescu, D.M. and Drapkin, R.},
  title = {Transformation of the Fallopian Tube Secretory Epithelium Leads to High-Grade Serous Ovarian Cancer in Brca;Tp53;Pten Models},
  volume = {24},
  pages = {751–765},
  date = {2013},
  language = {en},
  journal = {Cancer Cell}
}
@article{chaves-moreira2022a,
  citation-number = {60.},
  author = {Chaves-Moreira, D. and Mitchell, M.A. and Arruza, C. and Rawat, P. and Sidoli, S. and Nameki, R. and Reddy, J. and Corona, R.I. and Afeyan, L.K. and Klein, I.A. and Ma, S. and Winterhoff, B. and Konecny, G.E. and Garcia, B.A. and Brady, D.C. and Lawrenson, K. and Morin, P.J. and Drapkin, R.},
  title = {The transcription factor PAX8 promotes angiogenesis in ovarian cancer through interaction with SOX17},
  volume = {15},
  date = {2022},
  language = {en},
  journal = {Sci Signal}
}
@article{karst2011a,
  citation-number = {61.},
  author = {Karst, A.M. and Levanon, K. and Drapkin, R.},
  title = {Modeling high-grade serous ovarian carcinogenesis from the fallopian tube},
  volume = {108},
  pages = {7547–7552},
  date = {2011},
  language = {en},
  journal = {Proceedings of the National Academy of Sciences}
}
@article{karst2012a,
  citation-number = {62.},
  author = {Karst, A.M. and Drapkin, R.},
  title = {Primary culture and immortalization of human fallopian tube secretory epithelial cells},
  volume = {7},
  pages = {1755–1764},
  date = {2012},
  language = {en},
  journal = {Nat Protoc}
}
@article{fitzgerald2019a,
  citation-number = {63.},
  author = {Fitzgerald, H.C. and Dhakal, P. and Behura, S.K. and Schust, D.J. and Spencer, T.E.},
  title = {Self-renewing endometrial epithelial organoids of the human uterus},
  volume = {116},
  pages = {23132–23142},
  date = {2019},
  language = {en},
  journal = {Proceedings of the National Academy of Sciences}
}
@article{donnez1985a,
  citation-number = {64.},
  author = {Donnez, J. and Casanas-Roux, F. and Caprasse, J. and Ferin, J. and Thomas, K.},
  title = {Cyclic changes in ciliation, cell height, and mitotic activity in human tubal epithelium during reproductive life},
  volume = {43},
  pages = {554–559},
  date = {1985},
  language = {en},
  journal = {Fertil Steril}
}
@article{comer1998a,
  citation-number = {65.},
  author = {Comer, M.T. and Leese, H.J. and Southgate, J.},
  title = {Induction of a differentiated ciliated cell phenotype in primary cultures of Fallopian tube epithelium},
  volume = {13},
  pages = {3114–3120},
  date = {1998},
  language = {en},
  journal = {Human Reproduction}
}
@article{garcia-alonso2021a,
  citation-number = {66.},
  author = {Garcia-Alonso, L. and Handfield, L.-F. and Roberts, K. and Nikolakopoulou, K. and Fernando, R.C. and Gardner, L. and Woodhams, B. and Arutyunyan, A. and Polanski, K. and Hoo, R. and Sancho-Serra, C. and Li, T. and Kwakwa, K. and Tuck, E. and Lorenzi, V. and Massalha, H. and Prete, M. and Kleshchevnikov, V. and Tarkowska, A. and Porter, T. and Mazzeo, C.I. and Dongen, S. and Dabrowska, M. and Vaskivskyi, V. and Mahbubani, K.T. and Park, J. and Jimenez-Linan, M. and Campos, L. and Kiselev, V.Yu and Lindskog, C. and Ayuk, P. and Prigmore, E. and Stratton, M.R. and Saeb-Parsy, K. and Moffett, A. and Moore, L. and Bayraktar, O.A. and Teichmann, S.A. and Turco, M.Y. and Vento-Tormo, R.},
  title = {Mapping the temporal and spatial dynamics of the human endometrium in vivo and in vitro},
  volume = {53},
  pages = {1698–1711},
  date = {2021},
  language = {en},
  journal = {Nat Genet}
}
@article{barton2020a,
  citation-number = {67.},
  author = {Barton, B. and Herrera, G. and Anamthathmakula, P. and Rock, J. and Willie, A. and Harris, E. and Takemaru, K.-I. and Winuthayanon, W.},
  title = {Roles of steroid hormones in oviductal function},
  volume = {159},
  pages = {125– 137},
  date = {2020},
  language = {en},
  journal = {Reproduction}
}
@article{brodowska2021a,
  citation-number = {68.},
  author = {Brodowska, A. and Grabowska, M. and Bittel, K. and Ciećwież, S. and Brodowski, J. and Szczuko, M. and Szydłowska, I. and Piasecka, M.},
  title = {Estrogen and Progesterone Receptor Immunoexpression in Fallopian Tubes among Postmenopausal Women Based on Time since the Last Menstrual Period},
  volume = {18},
  pages = {9195},
  date = {2021},
  language = {en},
  journal = {Int J Environ Res Public Health}
}
@misc{monis-a,
  citation-number = {69.},
  author = {Monis, C.N. and Tetrokalashvili, M.},
  title = {Menstrual Cycle Proliferative And Follicular Phase (StatPearls Publishing},
  note = {Treasure Island, FL, 2022).},
  language = {cy}
}
@article{akison2012a,
  citation-number = {70.},
  author = {Akison, L. and Robker, R.},
  title = {The Critical Roles of Progesterone Receptor (PGR) in Ovulation, Oocyte Developmental Competence and Oviductal Transport in Mammalian Reproduction},
  volume = {47},
  pages = {288–296},
  date = {2012},
  language = {en},
  journal = {Reproduction in Domestic Animals}
}
@article{yu2008a,
  citation-number = {71.},
  author = {Yu, X. and Ng, C.P. and Habacher, H. and Roy, S.},
  title = {Foxj1 transcription factors are master regulators of the motile ciliogenic program},
  volume = {40},
  pages = {1445–1453},
  date = {2008},
  language = {sv},
  journal = {Nat Genet}
}
@article{turco2017a,
  citation-number = {72.},
  author = {Turco, M.Y. and Gardner, L. and Hughes, J. and Cindrova-Davies, T. and Gomez, M.J. and Farrell, L. and Hollinshead, M. and Marsh, S.G.E. and Brosens, J.J. and Critchley, H.O. and Simons, B.D. and Hemberger, M. and Koo, B.-K. and Moffett, A. and Burton, G.J.},
  title = {Long-term, hormone-responsive organoid cultures of human endometrium in a chemically defined medium},
  volume = {19},
  pages = {568–577},
  date = {2017},
  language = {en},
  journal = {Nat Cell Biol}
}
@article{gu2020a,
  citation-number = {73.},
  author = {Gu, Z.-Y. and Jia, S.-Z. and Liu, S. and Leng, J.-H.},
  title = {Endometrial Organoids: A New Model for the Research of Endometrial-Related Diseases†},
  volume = {103},
  pages = {918–926},
  date = {2020},
  language = {en},
  journal = {Biol Reprod}
}
@article{li2020a,
  citation-number = {74.},
  author = {Li, H. and Chaitankar, V. and Zhu, J. and Chin, K. and Liu, W. and Pirooznia, M. and Rodgers, G.P.},
  title = {Olfactomedin 4 mediation of prostate stem/progenitor-like cell proliferation and differentiation via MYC},
  volume = {10},
  pages = {21924},
  date = {2020},
  language = {en},
  journal = {Sci Rep}
}
@article{eddie2015a,
  citation-number = {75.},
  author = {Eddie, S.L. and Quartuccio, S.M. and Zhu, J. and Shepherd, J.A. and Kothari, R. and Kim, J.J. and Woodruff, T.K. and Burdette, J.E.},
  title = {Three-dimensional modeling of the human fallopian tube fimbriae},
  volume = {136},
  pages = {348–354},
  date = {2015},
  language = {en},
  journal = {Gynecol Oncol}
}
@article{moyle-heyrman2016a,
  citation-number = {76.},
  author = {Moyle-Heyrman, G. and Schipma, M.J. and Dean, M. and Davis, D.A. and Burdette, J.E.},
  title = {Genome-wide transcriptional regulation of estrogen receptor targets in fallopian tube cells and the role of selective estrogen receptor modulators},
  volume = {9, 5},
  date = {2016},
  language = {da},
  journal = {J Ovarian Res}
}
@article{kamburov2009a,
  citation-number = {77.},
  author = {Kamburov, A. and Wierling, C. and Lehrach, H. and Herwig, R.},
  title = {ConsensusPathDB—a database for integrating human functional interaction networks},
  volume = {37},
  pages = {623– 628},
  date = {2009},
  language = {en},
  journal = {Nucleic Acids Res}
}
@article{kamburov2011a,
  citation-number = {78.},
  author = {Kamburov, A. and Pentchev, K. and Galicka, H. and Wierling, C. and Lehrach, H. and Herwig, R.},
  title = {ConsensusPathDB: toward a more complete picture of cell biology},
  volume = {39},
  pages = {712– 717},
  date = {2011},
  language = {en},
  journal = {Nucleic Acids Res}
}
@article{chen2023a,
  citation-number = {79.},
  author = {Chen, C. and Zhang, Z. and Gu, X. and Sheng, X. and Xiao, L. and Wang, X.},
  title = {Exosomes: New regulators of reproductive development},
  volume = {19},
  pages = {100608},
  date = {2023},
  language = {sn},
  journal = {Mater Today Bio}
}
@article{garcia2024a,
  citation-number = {80.},
  author = {Garcia, E.M. and Lenz, J.D. and Schaub, R.E. and Hackett, K.T. and Salgado-Pabón, W. and Dillard, J.P.},
  title = {IL-17C is a driver of damaging inflammation during Neisseria gonorrhoeae infection of human Fallopian tube},
  volume = {15},
  pages = {3756},
  date = {2024},
  language = {en},
  journal = {Nat Commun}
}
@article{park2008a,
  citation-number = {81.},
  author = {Park, T.J. and Mitchell, B.J. and Abitua, P.B. and Kintner, C. and Wallingford, J.B.},
  title = {Dishevelled controls apical docking and planar polarization of basal bodies in ciliated epithelial cells},
  volume = {40},
  pages = {871–879},
  date = {2008},
  language = {en},
  journal = {Nat Genet}
}
@article{antoniades2014a,
  citation-number = {82.},
  author = {Antoniades, I. and Stylianou, P. and Skourides, P.A.},
  title = {Making the Connection: Ciliary Adhesion Complexes Anchor Basal Bodies to the Actin Cytoskeleton},
  volume = {28},
  pages = {70–80},
  date = {2014},
  language = {en},
  journal = {Dev Cell}
}
@article{garcia2018a,
  citation-number = {83.},
  author = {Garcia, G. and Raleigh, D.R. and Reiter, J.F.},
  title = {How the Ciliary Membrane Is Organized Inside-Out to Communicate Outside-In},
  volume = {28},
  pages = {421– 434},
  date = {2018},
  language = {en},
  journal = {Current Biology}
}
@article{wirtz2009a,
  citation-number = {84.},
  author = {Wirtz, D.},
  title = {Particle-Tracking Microrheology of Living Cells: Principles and Applications},
  volume = {38},
  pages = {301–326},
  date = {2009},
  language = {en},
  journal = {Annu Rev Biophys}
}
@article{wu2015a,
  citation-number = {85.},
  author = {Wu, P.-H. and Giri, A. and Wirtz, D.},
  title = {Statistical analysis of cell migration in 3D using the anisotropic persistent random walk model},
  volume = {10},
  pages = {517–527},
  date = {2015},
  language = {en},
  journal = {Nat Protoc}
}
@article{braxton2024a,
  citation-number = {86.},
  author = {Braxton, A.M. and Kiemen, A.L. and Grahn, M.P. and Forjaz, A. and Parksong, J. and Babu, J.Mahesh and Lai, J. and Zheng, L. and Niknafs, N. and Jiang, L. and Cheng, H. and Song, Q. and Reichel, R. and Graham, S. and Damanakis, A.I. and Fischer, C.G. and Mou, S. and Metz, C. and Granger, J. and Liu, X.-D. and Bachmann, N. and Zhu, Y. and Liu, Y. and Almagro-Pérez, C. and Jiang, A.C. and Yoo, J. and Kim, B. and Du, S. and Foster, E. and Hsu, J.Y. and Rivera, P.A. and Chu, L.C. and Liu, F. and Fishman, E.K. and Yuille, A. and Roberts, N.J. and Thompson, E.D. and Scharpf, R.B. and Cornish, T.C. and Jiao, Y. and Karchin, R. and Hruban, R.H. and Wu, P.-H. and Wirtz, D. and Wood, L.D.},
  title = {3D genomic mapping reveals multifocality of human pancreatic precancers},
  volume = {629},
  pages = {679–687},
  date = {2024},
  language = {en},
  journal = {Nature}
}
@incollection{elmlinger2002a,
  citation-number = {87.},
  author = {Elmlinger, M.W. and Kühnel, W. and Ranke, M.B.},
  title = {Reference Ranges for Serum Concentrations of Lutropin (LH},
  volume = {40},
  date = {2002},
  language = {en},
  booktitle = {Follitropin (FSH), Estradiol (E2), Prolactin, Progesterone, Sex Hormone-Binding Globulin (SHBG), Dehydroepiandrosterone Sulfate (DHEAS), Cortisol and Ferritin in Neonates, Children and Young Adults. Clin Chem Lab Med}
}
@article{andrew2022a,
  citation-number = {88.},
  author = {Andrew, T.W. and Koepke, L.S. and Wang, Y. and Lopez, M. and Steininger, H. and Struck, D. and Boyko, T. and Ambrosi, T.H. and Tong, X. and Sun, Y. and Gulati, G.S. and Murphy, M.P. and Marecic, O. and Telvin, R. and Schallmoser, K. and Strunk, D. and Seita, J. and Goodman, S.B. and Yang, F. and Longaker, M.T. and Yang, G.P. and Chan, C.K.F.},
  title = {Sexually dimorphic estrogen sensing in skeletal stem cells controls skeletal regeneration},
  volume = {13},
  pages = {6491},
  date = {2022},
  language = {da},
  journal = {Nat Commun}
}
@article{lengyel2022a,
  citation-number = {89.},
  author = {Lengyel, E. and Li, Y. and Weigert, M. and Zhu, L. and Eckart, H. and Javellana, M. and Ackroyd, S. and Xiao, J. and Olalekan, S. and Glass, D. and Iyer, S. and Krishnan, R. and Bilecz, A.J. and Lastra, R. and Chen, M. and Basu, A.},
  title = {A molecular atlas of the human postmenopausal fallopian tube and ovary from single-cell RNA and ATAC sequencing},
  volume = {41},
  pages = {111838},
  date = {2022},
  language = {en},
  journal = {Cell Rep}
}
@article{kim2018a,
  citation-number = {90.},
  author = {Kim, J. and Park, E. and Kim, O. and Schilder, J. and Coffey, D. and Cho, C.-H. and Bast, R.},
  title = {Cell Origins of High-Grade Serous Ovarian Cancer},
  volume = {10},
  pages = {433},
  date = {2018},
  language = {en},
  journal = {Cancers (Basel}
}
@article{ducie2017a,
  citation-number = {91.},
  author = {Ducie, J. and Dao, F. and Considine, M. and Olvera, N. and Shaw, P.A. and Kurman, R.J. and Shih, I.-M. and Soslow, R.A. and Cope, L. and Levine, D.A.},
  title = {Molecular analysis of high-grade serous ovarian carcinoma with and without associated serous tubal intra-epithelial carcinoma},
  volume = {8},
  pages = {990},
  date = {2017},
  language = {en},
  journal = {Nat Commun}
}
@article{camp2018a,
  citation-number = {92.},
  author = {Camp, J.G. and Wollny, D. and Treutlein, B.},
  title = {Single-cell genomics to guide human stem cell and tissue engineering},
  volume = {15},
  pages = {661–667},
  date = {2018},
  language = {en},
  journal = {Nat Methods}
}
@article{zhao2022a,
  citation-number = {93.},
  author = {Zhao, Z. and Chen, X. and Dowbaj, A.M. and Sljukic, A. and Bratlie, K. and Lin, L. and Fong, E.L.S. and Balachander, G.M. and Chen, Z. and Soragni, A. and Huch, M. and Zeng, Y.A. and Wang, Q. and Yu, H.},
  title = {Organoids},
  volume = {2},
  pages = {94},
  date = {2022},
  language = {id},
  journal = {Nature Reviews Methods Primers}
}
@misc{forjaz-a,
  citation-number = {94.},
  author = {Forjaz, A. and Vaz, E. and Romero, V.Matos and Joshi, S. and Braxton, A.M. and Jiang, A.C. and Fujikura, K. and Cornish, T. and Hong, S.-M. and Hurban, R.H. and Wu, P.-H. and Wood, L.D. and Kiemen, A.L. and Wirtz, D.},
  note = {Three-dimensional assessments are necessary to determine the true, spatially-resolved composition of tissues. bioRxiv (2024).},
  language = {en}
}
@article{kuhn2012a,
  citation-number = {95.},
  author = {Kuhn, E. and Kurman, R.J. and Soslow, R.A. and Han, G. and Sehdev, A.S. and Morin, P.J. and Wang, T.-L. and Shih, I.-M.},
  title = {The Diagnostic and Biological Implications of Laminin Expression in Serous Tubal Intraepithelial Carcinoma},
  volume = {36},
  pages = {1826–1834},
  date = {2012},
  language = {en},
  journal = {American Journal of Surgical Pathology}
}
@article{rentchler2019a,
  citation-number = {96.},
  author = {Rentchler, E.C. and Gant, K.L. and Drapkin, R. and Patankar, M. and Campagnola, P.J.},
  title = {Imaging collagen alterations in STICs and high grade ovarian cancers in the fallopian tubes by second harmonic generation microscopy},
  volume = {11},
  pages = {1805},
  date = {2019},
  language = {en},
  journal = {Cancers (Basel}
}
@article{park2021a,
  citation-number = {97.},
  author = {Park, Y. and Jung, J.-G. and Yu, Z.-C. and Asaka, R. and Shen, W. and Wang, Y. and Jung, W.-H. and Tomaszewski, A. and Shimberg, G. and Chen, Y. and Parimi, V. and Gaillard, S. and Shih, I.-M. and Wang, T.-L.},
  title = {A novel human endometrial epithelial cell line for modeling gynecological diseases and for drug screening},
  volume = {101},
  pages = {1505–1512},
  date = {2021},
  language = {en},
  journal = {Laboratory Investigation}
}
@article{wang2022a,
  citation-number = {98.},
  author = {Wang, Y. and Huang, P. and Wang, B.G. and Murdock, T. and Cope, L. and Hsu, F.-C. and Wang, T.-L. and Shih, I.-M.},
  title = {Spatial Transcriptomic Analysis of Ovarian Cancer Precursors Reveals Reactivation of IGFBP2 during Pathogenesis},
  volume = {82},
  pages = {4528–4541},
  date = {2022},
  language = {en},
  journal = {Cancer Res}
}
@article{jung2014a,
  citation-number = {99.},
  author = {Jung, J.-G. and Stoeck, A. and Guan, B. and Wu, R.-C. and Zhu, H. and Blackshaw, S. and Shih, I.-M. and Wang, T.-L.},
  title = {Notch3 Interactome Analysis Identified WWP2 as a Negative Regulator of Notch3 Signaling in Ovarian Cancer},
  volume = {10},
  pages = {1004751},
  date = {2014},
  language = {en},
  journal = {PLoS Genet}
}
@article{song2019a,
  citation-number = {100.},
  author = {Song, G. and Chen, L. and Zhang, B. and Song, Q. and Yu, Y. and Moore, C. and Wang, T.-L. and Shih, I.-M. and Zhang, H. and Chan, D.W. and Zhang, Z. and Zhu, H.},
  title = {Proteome-wide Tyrosine Phosphorylation Analysis Reveals Dysregulated Signaling Pathways in Ovarian Tumors},
  volume = {18},
  pages = {448–460},
  date = {2019},
  language = {en},
  journal = {Molecular & Cellular Proteomics}
}
@article{kubow2011a,
  citation-number = {101.},
  author = {Kubow, K.E. and Horwitz, A.R.},
  title = {Reducing background fluorescence reveals adhesions in 3D matrices},
  volume = {13},
  pages = {3–5},
  date = {2011},
  language = {en},
  journal = {Nat Cell Biol}
}
@article{fraley2012a,
  citation-number = {102.},
  author = {Fraley, S.I. and Feng, Y. and Giri, A. and Longmore, G.D. and Wirtz, D.},
  title = {Dimensional and temporal controls of three-dimensional cell migration by zyxin and binding partners},
  volume = {3},
  pages = {719},
  date = {2012},
  language = {en},
  journal = {Nat Commun}
}
@article{fraley2010a,
  citation-number = {103.},
  author = {Fraley, S.I. and Feng, Y. and Krishnamurthy, R. and Kim, D.-H. and Celedon, A. and Longmore, G.D. and Wirtz, D.},
  title = {A distinctive role for focal adhesion proteins in three-dimensional cell motility},
  volume = {12},
  pages = {598–604},
  date = {2010},
  language = {en},
  journal = {Nat Cell Biol}
}
@article{fraley2015a,
  citation-number = {104.},
  author = {Fraley, S.I. and Wu, P. and He, L. and Feng, Y. and Krisnamurthy, R. and Longmore, G.D. and Wirtz, D.},
  title = {Three-dimensional matrix fiber alignment modulates cell migration and MT1-MMP utility by spatially and temporally directing protrusions},
  volume = {5},
  pages = {14580},
  date = {2015},
  language = {en},
  journal = {Sci Rep}
}
@article{dekkers2019a,
  citation-number = {105.},
  author = {Dekkers, J.F. and Alieva, M. and Wellens, L.M. and Ariese, H.C.R. and Jamieson, P.R. and Vonk, A.M. and Amatngalim, G.D. and Hu, H. and Oost, K.C. and Snippert, H.J.G. and Beekman, J.M. and Wehrens, E.J. and Visvader, J.E. and Clevers, H. and Rios, A.C.},
  title = {High-resolution 3D imaging of fixed and cleared organoids},
  volume = {14},
  pages = {1756–1771},
  date = {2019},
  language = {en},
  journal = {Nat Protoc}
}
@article{ma2022a,
  citation-number = {106.},
  author = {Ma, S. and Tang, T. and Probst, G. and Konradi, A. and Jin, C. and Li, F. and Gutkind, J.S. and Fu, X.-D. and Guan, K.-L.},
  title = {Transcriptional repression of estrogen receptor alpha by YAP reveals the Hippo pathway as therapeutic target for ER+ breast cancer},
  volume = {13},
  pages = {1061},
  date = {2022},
  language = {en},
  journal = {Nat Commun}
}
@article{rajurkar2017a,
  citation-number = {107.},
  author = {Rajurkar, M. and Dang, K. and Fernandez-Barrena, M.G. and Liu, X. and Fernandez-Zapico, M.E. and Lewis, B.C. and Mao, J.},
  title = {IKBKE Is Required during KRAS-Induced Pancreatic Tumorigenesis},
  volume = {77},
  pages = {320–329},
  date = {2017},
  language = {en},
  journal = {Cancer Res}
}
@article{liu2020a,
  citation-number = {108.},
  author = {Liu, Y. and Lv, J. and Liu, J. and Li, M. and Xie, J. and Lv, Q. and Deng, W. and Zhou, N. and Zhou, Y. and Song, J. and Wang, P. and Qin, C. and Tong, W.-M. and Huang, B.},
  title = {Mucus production stimulated by IFN-AhR signaling triggers hypoxia of COVID-19},
  volume = {30},
  pages = {1078–1087},
  date = {2020},
  language = {en},
  journal = {Cell Res}
}
@article{pfaffl2001a,
  citation-number = {109.},
  author = {Pfaffl, M.W.},
  title = {A new mathematical model for relative quantification in real-time RT-PCR},
  volume = {29},
  pages = {45 –445},
  date = {2001},
  language = {en},
  journal = {Nucleic Acids Res}
}
@article{escher2012a,
  citation-number = {110.},
  author = {Escher, C. and Reiter, L. and MacLean, B. and Ossola, R. and Herzog, F. and Chilton, J. and MacCoss, M.J. and Rinner, O.},
  title = {Using iRT, a normalized retention time for more targeted measurement of peptides},
  volume = {12},
  pages = {1111–21},
  date = {2012},
  language = {en},
  journal = {Proteomics}
}
@article{storey2002a,
  citation-number = {111.},
  author = {Storey, J.D.},
  title = {A Direct Approach to False Discovery Rates},
  volume = {64},
  pages = {479–498},
  date = {2002},
  language = {en},
  journal = {J R Stat Soc Series B Stat Methodol}
}
@article{burger2018a,
  citation-number = {112.},
  author = {Burger, T.},
  title = {Gentle Introduction to the Statistical Foundations of False Discovery Rate in Quantitative Proteomics},
  volume = {17},
  pages = {12–22},
  date = {2018},
  language = {en},
  journal = {J Proteome Res}
}
@article{gatto2014a,
  citation-number = {113.},
  author = {Gatto, L. and Breckels, L.M. and Wieczorek, S. and Burger, T. and Lilley, K.S.},
  title = {Mass-spectrometry-based spatial proteomics data analysis using pRoloc and pRolocdata},
  volume = {30},
  pages = {1322–1324},
  date = {2014},
  language = {ny},
  journal = {Bioinformatics}
}
