@misc{forjaz2023a,
  citation-number = {1.},
  author = {Forjaz, A.},
  title = {Three-dimensional assessments are necessary to determine the true spatial tissue composition of diseased tissues. bioRxiv 2023.12.04.569986},
  date = {2023},
  doi = {10.1101/2023.12.04.569986.},
  language = {en}
}
@article{kiemen2022a,
  citation-number = {2.},
  author = {Kiemen, A.L.},
  title = {nature methods CODA: quantitative 3D reconstruction of large tissues at cellular resolution},
  volume = {19},
  pages = {1490–1499},
  date = {2022},
  language = {la},
  journal = {Nature Methods |}
}
@article{cline1987a,
  citation-number = {3.},
  author = {Cline, H.E. and Dumoulin, C.L. and Hart, H.R. and Lorensen, W.E. and Ludke, S.},
  title = {3D reconstruction of the brain from magnetic resonance images using a connectivity algorithm},
  volume = {5},
  pages = {345–352},
  date = {1987},
  language = {en},
  journal = {Magn Reson Imaging}
}
@misc{consortium2021a,
  citation-number = {4.},
  author = {Consortium, Mic},
  title = {Functional connectomics spanning multiple areas of mouse visual cortex. bioRxiv 2021.07.28.454025},
  date = {2021},
  doi = {10.1101/2021.07.28.454025.},
  language = {en}
}
@article{yin2020a,
  citation-number = {5.},
  author = {Yin, W.},
  title = {A petascale automated imaging pipeline for mapping neuronal circuits with high-throughput transmission electron microscopy},
  date = {2020},
  volume = {11},
  pages = {1–12},
  language = {en},
  journal = {Nature Communications},
  number = {1}
}
@misc{bell-a,
  citation-number = {6.},
  author = {Bell, A.T.},
  title = {PanIN and CAF Transitions in Pancreatic Carcinogenesis Revealed with Spatial Data Integration},
  doi = {10.1101/2022.07.16.500312.},
  language = {en}
}
@misc{maitin-shepard2021a,
  citation-number = {7.},
  author = {Maitin-Shepard, J.},
  note = {google/neuroglancer: Preprint at},
  url = {https://doi.org/10.5281/zenodo.5573294},
  date = {2021},
  doi = {10.5281/zenodo.5573294},
  language = {lb}
}
@article{kiemen2023a,
  citation-number = {8.},
  author = {Kiemen, A.L.},
  title = {Tissue clearing and 3D reconstruction of digitized, serially sectioned slides provide novel insights into pancreatic cancer},
  volume = {4},
  pages = {75–91},
  date = {2023},
  language = {en},
  journal = {Med}
}
@article{lin2023a,
  citation-number = {9.},
  author = {Lin, J.R.},
  title = {Multiplexed 3D atlas of state transitions and immune interaction in colorectal cancer},
  volume = {186},
  pages = {363–381 19},
  date = {2023},
  language = {en},
  journal = {Cell}
}
@article{crawford2024a,
  citation-number = {10.},
  author = {Crawford, A.J.},
  title = {Combined assembloid modeling and 3D whole-organ mapping captures the microanatomy and function of the human fallopian tube},
  volume = {10},
  date = {2024},
  language = {en},
  journal = {Sci Adv}
}
@article{sans2023a,
  citation-number = {11.},
  author = {Sans, M.},
  title = {Spatial Transcriptomics of Intraductal Papillary Mucinous Neoplasms of the Pancreas Identifies NKX6-2 as a Driver of Gastric Differentiation and Indolent Biological Potential},
  volume = {13},
  pages = {1844–1861},
  date = {2023},
  language = {en},
  journal = {Cancer Discov}
}
@article{liu2020a,
  citation-number = {12.},
  author = {Liu, Y.},
  title = {High-Spatial-Resolution Multi-Omics Sequencing via Deterministic Barcoding in Tissue},
  volume = {183},
  pages = {1665–1681 18},
  date = {2020},
  language = {en},
  journal = {Cell}
}
@article{mcinnes2005a,
  citation-number = {13.},
  author = {McInnes, E.},
  title = {Artefacts in histopathology},
  volume = {13},
  pages = {100–108},
  date = {2005},
  language = {en},
  journal = {Comp Clin Path}
}
@article{taqi2018a,
  citation-number = {14.},
  author = {Taqi, S.A. and Sami, S.A. and Sami, L.B. and Zaki, S.A.},
  title = {A review of artifacts in histopathology},
  volume = {22},
  pages = {279},
  date = {2018},
  language = {en},
  journal = {J Oral Maxillofac Pathol}
}
@article{glaser2022a,
  citation-number = {15.},
  author = {Glaser, A.K.},
  title = {A hybrid open-top light-sheet microscope for versatile multi-scale imaging of cleared tissues},
  volume = {19},
  pages = {613},
  date = {2022},
  language = {en},
  journal = {Nat Methods}
}
@article{daetwyler2023a,
  citation-number = {16.},
  author = {Daetwyler, S. and Fiolka, R.P.},
  title = {Light-sheets and smart microscopy, an exciting future is dawning},
  date = {2023},
  volume = {6},
  pages = {1–11},
  language = {en},
  journal = {Communications Biology},
  number = {1}
}
@article{kubota2021a,
  citation-number = {17.},
  author = {Kubota, S.I.},
  title = {Whole-organ analysis of TGF-β-mediated remodelling of the tumour microenvironment by tissue clearing},
  volume = {4},
  date = {2021},
  language = {en},
  journal = {Commun Biol}
}
@article{n2022a,
  citation-number = {18.},
  author = {Nárai, Á.},
  title = {Movement-related artefacts (MR-ART) dataset of matched motion-corrupted and clean structural MRI brain scans},
  date = {2022},
  volume = {9},
  pages = {1–6},
  language = {en},
  journal = {Scientific Data},
  number = {1}
}
@article{gilmore2021a,
  citation-number = {19.},
  author = {Gilmore, A.D. and Buser, N.J. and Hanson, J.L.},
  title = {Variations in structural MRI quality significantly impact commonly used measures of brain anatomy},
  volume = {8, 7},
  date = {2021},
  language = {en},
  journal = {Brain Inform}
}
@article{krupa2015a,
  citation-number = {20.},
  author = {Krupa, K. and Bekiesińska-Figatowska, M.},
  title = {Artifacts in Magnetic Resonance Imaging},
  volume = {80},
  pages = {93},
  date = {2015},
  language = {en},
  journal = {Pol J Radiol}
}
@article{khader2023a,
  citation-number = {21.},
  author = {Khader, F.},
  title = {Denoising diffusion probabilistic models for 3D medical image generation},
  date = {2023},
  volume = {13},
  pages = {1–12},
  language = {en},
  journal = {Scientific Reports},
  number = {1}
}
@article{kazerouni2023a,
  citation-number = {22.},
  author = {Kazerouni, A.},
  title = {Diffusion models in medical imaging: A comprehensive survey},
  volume = {88},
  pages = {102846},
  date = {2023},
  language = {en},
  journal = {Med Image Anal}
}
@article{bai-a,
  citation-number = {23.},
  author = {Bai, B.},
  title = {Deep learning-enabled virtual histological staining of biological samples},
  doi = {10.1038/s41377-023-01104-7.},
  language = {en},
  journal = {Official journal of the CIOMP 2047–7538}
}
@article{koivukoski2023a,
  citation-number = {24.},
  author = {Koivukoski, S. and Khan, U. and Ruusuvuori, P. and Latonen, L.},
  title = {Unstained Tissue Imaging and Virtual Hematoxylin and Eosin Staining of Histologic Whole Slide Images},
  volume = {103},
  pages = {100070},
  date = {2023},
  language = {en},
  journal = {Laboratory Investigation}
}
@article{kang2022a,
  citation-number = {25.},
  author = {Kang, L. and Li, X. and Zhang, Y. and Wong, T.T.W.},
  title = {Deep learning enables ultraviolet photoacoustic microscopy based histological imaging with near real-time virtual staining},
  volume = {25},
  pages = {100308},
  date = {2022},
  language = {en},
  journal = {Photoacoustics}
}
@article{deshpande2024a,
  citation-number = {26.},
  author = {Deshpande, S. and Dawood, M. and Minhas, F. and Rajpoot, N.},
  title = {SynCLay: Interactive synthesis of histology images from bespoke cellular layouts},
  volume = {91},
  pages = {102995},
  date = {2024},
  language = {en},
  journal = {Med Image Anal}
}
@article{li2023a,
  citation-number = {27.},
  author = {Li, Y.},
  title = {Zero-shot Medical Image Translation via Frequency-Guided Diffusion Models},
  volume = {XX, 1},
  date = {2023},
  language = {en},
  journal = {IEEE Trans Med Imaging}
}
@misc{cross-zamirski2023a,
  citation-number = {28.},
  author = {Cross-Zamirski, J.O.},
  title = {Class-Guided Image-to-Image Diffusion: Cell Painting from Brightfield Images with Class Labels},
  date = {2023},
  language = {en}
}
@misc{xu2019a,
  citation-number = {29.},
  author = {Xu, Z. and Huang, X. and Moro, C.F. and Bozóky, B. and Zhang, Q.},
  title = {GAN-based Virtual Re-Staining: A Promising Solution for Whole Slide Image Analysis},
  date = {2019},
  language = {en}
}
@incollection{ho2020a,
  citation-number = {30.},
  author = {Ho, J. and Jain, A. and Abbeel, P.},
  title = {Denoising Diffusion Probabilistic Models},
  date = {2020},
  language = {en},
  booktitle = {Adv Neural Inf Process Syst 2020-December}
}
@misc{gaffling-a,
  citation-number = {31.},
  author = {Gaffling, S. and Jäger, F. and Daum, V. and Tauchi, M. and Lütjen-Drecoll, E.},
  title = {Interpolation of Histological Slices by Means of Non-Rigid Registration},
  language = {en}
}
@article{leng2013a,
  citation-number = {32.},
  author = {Leng, J. and Xu, G. and Zhang, Y.},
  title = {Medical image interpolation based on multi-resolution registration},
  volume = {66},
  pages = {1–18},
  date = {2013},
  language = {en},
  journal = {Computers & Mathematics with Applications}
}
@inproceedings{akhtar2010a,
  citation-number = {33.},
  author = {Akhtar, P. and Azhar, F.},
  title = {A single image interpolation scheme for enhanced super resolution in bio-medical imaging},
  date = {2010},
  doi = {10.1109/ICBBE.2010.5518164.},
  language = {en},
  booktitle = {4th International Conference on Bioinformatics and Biomedical Engineering}
}
@misc{reda-a,
  citation-number = {34.},
  author = {Reda, F.},
  title = {FILM: Frame Interpolation for Large Motion},
  language = {en}
}
@article{horn1981a,
  citation-number = {35.},
  author = {Horn, B.K.P. and Schunck, B.G.},
  title = {Determining optical flow},
  volume = {17},
  pages = {185–203},
  date = {1981},
  language = {lb},
  journal = {Artif Intell}
}
@article{hu2018a,
  citation-number = {36.},
  author = {Hu, P. and Wang, G. and Tan, Y.-P.},
  title = {Recurrent Spatial Pyramid CNN for Optical Flow Estimation},
  volume = {20},
  pages = {2814–2823},
  date = {2018},
  language = {en},
  journal = {IEEE Trans Multimedia}
}
@article{hui2021a,
  citation-number = {37.},
  author = {Hui, T.-W. and Tang, X. and Loy, C.C.},
  title = {A Lightweight Optical Flow CNN —Revisiting Data Fidelity and Regularization},
  volume = {43},
  pages = {2555–2569},
  date = {2021},
  language = {en},
  journal = {IEEE Trans Pattern Anal Mach Intell}
}
@misc{sim2021a,
  citation-number = {38.},
  author = {Sim, H. and K., M. and Oh, J. and Kim, M.X.V.F.I.},
  note = {eXtreme Video Frame Interpolation. arXiv Preprint at},
  date = {2021},
  language = {el-Latn}
}
@article{kiemen2024a,
  citation-number = {39.},
  author = {Kiemen, A.L.},
  title = {3D histology reveals that immune response to pancreatic precancers is heterogeneous and depends on global pancreas structure},
  date = {2024},
  doi = {10.1101/2024.08.03.606493.},
  language = {en},
  journal = {bioRxiv}
}
@article{williams2017a,
  citation-number = {40.},
  author = {Williams, E.},
  title = {Image Data Resource: a bioimage data integration and publication platform},
  date = {2017},
  volume = {14},
  pages = {775–781},
  language = {da},
  journal = {Nature Methods},
  number = {8}
}
@article{kubota2021b,
  citation-number = {41.},
  author = {Kubota, S.I.},
  title = {Whole-organ analysis of TGF-β-mediated remodelling of the tumour microenvironment by tissue clearing},
  volume = {4},
  date = {2021},
  language = {en},
  journal = {Commun Biol}
}
@article{snoek2021a,
  citation-number = {42.},
  author = {Snoek, L.},
  title = {The Amsterdam Open MRI Collection, a set of multimodal MRI datasets for individual difference analyses},
  date = {2021},
  volume = {8},
  pages = {1–23},
  language = {en},
  journal = {Scientific Data},
  number = {1}
}
@article{braxton2024a,
  citation-number = {43.},
  author = {Braxton, A.M.},
  title = {3D genomic mapping reveals multifocality of human pancreatic precancers},
  volume = {629},
  pages = {679–687},
  date = {2024},
  language = {en},
  journal = {Nature}
}
@article{brynolfsson2017a,
  citation-number = {44.},
  author = {Brynolfsson, P.},
  title = {Haralick texture features from apparent diffusion coefficient (ADC) MRI images depend on imaging and pre-processing parameters},
  date = {2017},
  volume = {7},
  pages = {1–11},
  language = {en},
  journal = {Scientific Reports},
  number = {1}
}
@article{haralick1973a,
  citation-number = {45.},
  author = {Haralick, R.M. and Dinstein, I. and Shanmugam, K.},
  title = {Textural Features for Image Classification},
  volume = {3},
  pages = {610–621},
  date = {1973},
  language = {en},
  journal = {IEEE Trans Syst Man Cybern}
}
@misc{upchurch2017a,
  citation-number = {46.},
  author = {Upchurch, P.},
  title = {Deep Feature Interpolation for Image Content Changes},
  note = {7064–7073 Preprint at},
  date = {2017},
  language = {en}
}
@article{liu2011a,
  citation-number = {47.},
  author = {Liu, X.},
  title = {Image interpolation via regularized local linear regression},
  volume = {20},
  pages = {3455–3469},
  date = {2011},
  language = {en},
  journal = {IEEE Transactions on Image Processing}
}
@article{blu2004a,
  citation-number = {48.},
  author = {Blu, T. and Thévenaz, P. and Unser, M.},
  title = {Linear interpolation revitalized},
  volume = {13},
  pages = {710–719},
  date = {2004},
  language = {en},
  journal = {IEEE Transactions on Image Processing}
}
