@article{Liu2020High,
	author = {Liu, Yang and Yang, Mingyu and Deng, Yanxiang and Su, Graham and Enninful, Archibald and Guo, Cindy C. and Tebaldi, Toma and Zhang, Di and Kim, Dongjoo and Bai, Zhiliang and Norris, Eileen and Pan, Alisia and Li, Jiatong and Xiao, Yang and Halene, Stephanie and Fan, Rong},
	journal = {Cell},
	doi = {10.1016/j.cell.2020.10.026},
	issn = {00928674},
	number = {6},
	year = {2020},
	month = {12},
	pages = {1665--1681.e18},
	title = {High-{Spatial}-{Resolution} {Multi}-{Omics} {Sequencing} via {Deterministic} {Barcoding} in {Tissue}},
	volume = {183},
}
@article{Ozsolak2011RNA,
	author = {Ozsolak, Fatih and Milos, Patrice M.},
	journal = {Nature Reviews Genetics},
	doi = {10.1038/nrg2934},
	issn = {1471-0056, 1471-0064},
	number = {2},
	year = {2011},
	month = {2},
	pages = {87--98},
	title = {RNA sequencing: advances, challenges and opportunities},
	volume = {12},
}
@article{Pidsley2016Critical,
	author = {Pidsley, Ruth and Zotenko, Elena and Peters, Timothy J. and Lawrence, Mitchell G. and Risbridger, Gail P. and Molloy, Peter and Van Djik, Susan and Muhlhausler, Beverly and Stirzaker, Clare and Clark, Susan J.},
	journal = {Genome Biology},
	doi = {10.1186/s13059-016-1066-1},
	issn = {1474-760X},
	number = {1},
	year = {2016},
	month = {12},
	pages = {208},
	title = {Critical evaluation of the {Illumina} {MethylationEPIC} {BeadChip} microarray for whole-genome {DNA} methylation profiling},
	volume = {17},
}
@article{Cheng2016Targeting,
	note = {[Online; accessed 2023-11-12]},
	author = {Cheng, Menglin and Bhujwalla, Zaver M. and Glunde, Kristine},
	journal = {Frontiers in Oncology},
	doi = {10.3389/fonc.2016.00266},
	issn = {2234-943X},
	year = {2016},
	month = {dec 27},
	title = {Targeting {Phospholipid} {Metabolism} in {Cancer}},
	url = {http://journal.frontiersin.org/article/10.3389/fonc.2016.00266/full},
	howpublished = {http://journal.frontiersin.org/article/10.3389/fonc.2016.00266/full},
	volume = {6},
}
@article{Braxton20243D,
	author = {Braxton, Alicia M. and Kiemen, Ashley L. and Grahn, Mia P. and Forjaz, Andr{\' e} and Parksong, Jeeun and Mahesh Babu, Jaanvi and Lai, Jiaying and Zheng, Lily and Niknafs, Noushin and Jiang, Liping and Cheng, Haixia and Song, Qianqian and Reichel, Rebecca and Graham, Sarah and Damanakis, Alexander I. and Fischer, Catherine G. and Mou, Stephanie and Metz, Cameron and Granger, Julie and Liu, Xiao-Ding and Bachmann, Niklas and Zhu, Yutong and Liu, YunZhou and Almagro-P{\' e}rez, Cristina and Jiang, Ann Chenyu and Yoo, Jeonghyun and Kim, Bridgette and Du, Scott and Foster, Eli and Hsu, Jocelyn Y. and Rivera, Paula Andreu and Chu, Linda C. and Liu, Fengze and Fishman, Elliot K. and Yuille, Alan and Roberts, Nicholas J. and Thompson, Elizabeth D. and Scharpf, Robert B. and Cornish, Toby C. and Jiao, Yuchen and Karchin, Rachel and Hruban, Ralph H. and Wu, Pei-Hsun and Wirtz, Denis and Wood, Laura D.},
	journal = {Nature},
	doi = {10.1038/s41586-024-07359-3},
	issn = {1476-4687},
	number = {8012},
	year = {2024},
	month = {5},
	note = {publisher: Nature Publishing Group},
	pages = {679--687},
	title = {3D genomic mapping reveals multifocality of human pancreatic precancers},
	volume = {629},
}
@article{Bell2024PanIN,
	author = {Bell, Alexander T. F. and Mitchell, Jacob T. and Kiemen, Ashley L. and Lyman, Melissa and Fujikura, Kohei and Lee, Jae W. and Coyne, Erin and Shin, Sarah M. and Nagaraj, Sushma and Deshpande, Atul and Wu, Pei-Hsun and Sidiropoulos, Dimitrios N. and Erbe, Rossin and Stern, Jacob and Chan, Rena and Williams, Stephen and Chell, James M. and Ciotti, Lauren and Zimmerman, Jacquelyn W. and Wirtz, Denis and Ho, Won Jin and Zaidi, Neeha and Thompson, Elizabeth and Jaffee, Elizabeth M. and Wood, Laura D. and Fertig, Elana J. and Kagohara, Luciane T.},
	journal = {Cell Systems},
	doi = {10.1016/j.cels.2024.07.001},
	issn = {2405-4712, 2405-4720},
	number = {8},
	year = {2024},
	month = {aug 21},
	note = {publisher: Elsevier
PMID: 39116880},
	pages = {753--769.e5},
	title = {PanIN and {CAF} transitions in pancreatic carcinogenesis revealed with spatial data integration},
	volume = {15},
}
@article{Vogelstein2013Cancer,
	author = {Vogelstein, B. and Papadopoulos, N. and Velculescu, V. E. and Zhou, S. and Diaz, L. A. and Kinzler, K. W.},
	journal = {Science},
	doi = {10.1126/science.1235122},
	issn = {0036-8075, 1095-9203},
	number = {6127},
	year = {2013},
	month = {mar 29},
	pages = {1546--1558},
	title = {Cancer {Genome} {Landscapes}},
	volume = {339},
}
@article{Lin2015Highly,
	author = {Lin, Jia-Ren and Fallahi-Sichani, Mohammad and Sorger, Peter K.},
	journal = {Nature Communications},
	doi = {10.1038/ncomms9390},
	issn = {2041-1723},
	number = {1},
	year = {2015},
	month = {sep 24},
	pages = {8390},
	title = {Highly multiplexed imaging of single cells using a high-throughput cyclic immunofluorescence method},
	volume = {6},
}
@article{Angelo2014Multiplexed,
	author = {Angelo, Michael and Bendall, Sean C and Finck, Rachel and Hale, Matthew B and Hitzman, Chuck and Borowsky, Alexander D and Levenson, Richard M and Lowe, John B and Liu, Scot D and Zhao, Shuchun and Natkunam, Yasodha and Nolan, Garry P},
	journal = {Nature Medicine},
	doi = {10.1038/nm.3488},
	issn = {1078-8956, 1546-170X},
	number = {4},
	year = {2014},
	month = {4},
	pages = {436--442},
	title = {Multiplexed ion beam imaging of human breast tumors},
	volume = {20},
}
@article{Goltsev2018Deep,
	author = {Goltsev, Yury and Samusik, Nikolay and Kennedy-Darling, Julia and Bhate, Salil and Hale, Matthew and Vazquez, Gustavo and Black, Sarah and Nolan, Garry P.},
	journal = {Cell},
	doi = {10.1016/j.cell.2018.07.010},
	issn = {00928674},
	number = {4},
	year = {2018},
	month = {8},
	pages = {968--981.e15},
	title = {Deep {Profiling} of {Mouse} {Splenic} {Architecture} with {CODEX} {Multiplexed} {Imaging}},
	volume = {174},
}
@article{Kuett2021Three,
	author = {Kuett, Laura and Catena, Ra{\' u}l and {\" O}zcan, Alaz and Pl{\" u}ss, Alex and {Cancer Grand Challenges IMAXT Consortium} and Ali, H. R. and Sa\textquoteright{}d, M. Al and Alon, S. and Aparicio, S. and Battistoni, G. and Balasubramanian, S. and Becker, R. and Bodenmiller, B. and Boyden, E. S. and Bressan, D. and Bruna, A. and Burger, Marcel and Caldas, C. and Callari, M. and Cannell, I. G. and Casbolt, H. and Chornay, N. and Cui, Y. and Dariush, A. and Dinh, K. and Emenari, A. and Eyal-Lubling, Y. and Fan, J. and Fatemi, A. and Fisher, E. and Gonz{\' a}lez-Solares, E. A. and Gonz{\' a}lez-Fern{\' a}ndez, C. and Goodwin, D. and Greenwood, W. and Grimaldi, F. and Hannon, G. J. and Harris, S. and Jauset, C. and Joyce, J. A. and Karagiannis, E. D. and Kova{\v c}evi{\' c}, T. and Kuett, L. and Kunes, R. and Yolda{\c s}, A. K{\" u}pc{\" u} and Lai, D. and Laks, E. and Lee, H. and Lee, M. and Lerda, G. and Li, Y. and McPherson, A. and Millar, N. and Mulvey, C. M. and Nugent, I. and O\textquoteright{}Flanagan, C. H. and Paez-Ribes, M. and Pearsall, I. and Qosaj, F. and Roth, A. J. and Rueda, O. M. and Ruiz, T. and Sawicka, K. and Sep{\' u}lveda, L. A. and Shah, S. P. and Shea, A. and Sinha, A. and Smith, A. and Tavar{\' e}, S. and Tietscher, S. and V{\' a}zquez-Garc{\' i}a, I. and Vogl, S. L. and Walton, N. A. and Wassie, A. T. and Watson, S. S. and Weselak, J. and Wild, S. A. and Williams, E. and Windhager, J. and Xia, C. and Zheng, P. and Zhuang, X. and Schraml, Peter and Moch, Holger and De Souza, Natalie and Bodenmiller, Bernd},
	journal = {Nature Cancer},
	doi = {10.1038/s43018-021-00301-w},
	issn = {2662-1347},
	number = {1},
	year = {2021},
	month = {dec 24},
	pages = {122--133},
	title = {Three-dimensional imaging mass cytometry for highly multiplexed molecular and cellular mapping of tissues and the tumor microenvironment},
	volume = {3},
}
@article{Eng2019Transcriptome,
	author = {Eng, Chee-Huat Linus and Lawson, Michael and Zhu, Qian and Dries, Ruben and Koulena, Noushin and Takei, Yodai and Yun, Jina and Cronin, Christopher and Karp, Christoph and Yuan, Guo-Cheng and Cai, Long},
	journal = {Nature},
	doi = {10.1038/s41586-019-1049-y},
	issn = {0028-0836, 1476-4687},
	number = {7751},
	year = {2019},
	month = {4},
	pages = {235--239},
	title = {Transcriptome-scale super-resolved imaging in tissues by {RNA} {seqFISH}+},
	volume = {568},
}
@article{Xia2019Spatial,
	author = {Xia, Chenglong and Fan, Jean and Emanuel, George and Hao, Junjie and Zhuang, Xiaowei},
	journal = {Proceedings of the National Academy of Sciences},
	doi = {10.1073/pnas.1912459116},
	issn = {0027-8424, 1091-6490},
	number = {39},
	year = {2019},
	month = {sep 24},
	pages = {19490--19499},
	title = {Spatial transcriptome profiling by {MERFISH} reveals subcellular {RNA} compartmentalization and cell cycle-dependent gene expression},
	volume = {116},
}
@article{Bressan2023dawn,
	author = {Bressan, Dario and Battistoni, Giorgia and Hannon, Gregory J.},
	journal = {Science},
	doi = {10.1126/science.abq4964},
	number = {6657},
	year = {2023},
	month = {aug 4},
	note = {publisher: American Association for the Advancement of Science},
	pages = {eabq4964},
	title = {The dawn of spatial omics},
	volume = {381},
}
@article{Senter2016Role,
	author = {Senter-Zapata, Michael and Patel, Kunal and Bautista, Pinky A. and Griffin, Molly and Michaelson, James and Yagi, Yukako},
	journal = {Pathobiology},
	doi = {10.1159/000442387},
	issn = {1015-2008},
	number = {2-3},
	year = {2016},
	month = {apr 26},
	pages = {140--147},
	title = {The {Role} of {Micro}-{CT} in 3D {Histology} {Imaging}},
	volume = {83},
}
@article{Liu2024Engineering,
	author = {Liu, Jonathan TC and Chow, Sarah SL and Colling, Richard and Downes, Michelle R and Farr{\' e}, Xavier and Humphrey, Peter and Janowczyk, Andrew and Mirtti, Tuomas and Verrill, Clare and Zlobec, Inti and True, Lawrence D},
	journal = {The Journal of Pathology: Clinical Research},
	doi = {10.1002/cjp2.347},
	issn = {2056-4538},
	number = {1},
	year = {2024},
	note = {\textunderscore{}eprint: https://onlinelibrary.wiley.com/doi/pdf/10.1002/cjp2.347},
	pages = {e347},
	title = {Engineering the future of 3D pathology},
	volume = {10},
}
@article{Kiemen2022CODA,
	author = {Kiemen, Ashley L. and Braxton, Alicia M. and Grahn, Mia P. and Han, Kyu Sang and Babu, Jaanvi Mahesh and Reichel, Rebecca and Jiang, Ann C. and Kim, Bridgette and Hsu, Jocelyn and Amoa, Falone and Reddy, Sashank and Hong, Seung-Mo and Cornish, Toby C. and Thompson, Elizabeth D. and Huang, Peng and Wood, Laura D. and Hruban, Ralph H. and Wirtz, Denis and Wu, Pei-Hsun},
	journal = {Nature Methods},
	doi = {10.1038/s41592-022-01650-9},
	issn = {1548-7091, 1548-7105},
	number = {11},
	year = {2022},
	month = {11},
	pages = {1490--1499},
	title = {CODA: quantitative 3D reconstruction of large tissues at cellular resolution},
	volume = {19},
}
@article{Gatenbee2023Virtual,
	author = {Gatenbee, Chandler D. and Baker, Ann-Marie and Prabhakaran, Sandhya and Swinyard, Ottilie and Slebos, Robbert J. C. and Mandal, Gunjan and Mulholland, Eoghan and Andor, Noemi and Marusyk, Andriy and Leedham, Simon and Conejo-Garcia, Jose R. and Chung, Christine H. and Robertson-Tessi, Mark and Graham, Trevor A. and Anderson, Alexander R. A.},
	journal = {Nature Communications},
	doi = {10.1038/s41467-023-40218-9},
	issn = {2041-1723},
	number = {1},
	year = {2023},
	month = {jul 26},
	note = {publisher: Nature Publishing Group},
	pages = {4502},
	title = {Virtual alignment of pathology image series for multi-gigapixel whole slide images},
	volume = {14},
}
@article{Fischer2008Hematoxylin,
	author = {Fischer, Andrew H. and Jacobson, Kenneth A. and Rose, Jack and Zeller, Rolf},
	journal = {Cold Spring Harbor Protocols},
	doi = {10.1101/pdb.prot4986},
	issn = {1940-3402, 1559-6095, 1559-6095},
	number = {5},
	year = {2008},
	month = {5},
	pages = {pdb.prot4986},
	title = {Hematoxylin and {Eosin} {Staining} of {Tissue} and {Cell} {Sections}},
	volume = {2008},
}
@article{De2010Immunohistochemistry,
	author = {De Matos, Leandro Luongo and Trufelli, Damila Cristina and De Matos, Maria Graciela Luongo and Da Silva Pinhal, Maria Aparecida},
	journal = {Biomarker Insights},
	doi = {10.4137/BMI.S2185},
	issn = {1177-2719, 1177-2719},
	year = {2010},
	month = {1},
	pages = {BMI.S2185},
	title = {Immunohistochemistry as an {Important} {Tool} in {Biomarkers} {Detection} and {Clinical} {Practice}},
	volume = {5},
}
@article{KiemenPanIN,
	author = {Kiemen, Ashley L. and Dequiedt, Lucie and Shen, Yu and Zhu, Yutong and Matos-Romero, Valentina and Forjaz, Andr{\' e} and Campbell, Kurtis and Dhana, Will and Cornish, Toby and Braxton, Alicia M. and Wu, Pei-Hsun and Fishman, Elliot K. and Wood, Laura D. and Wirtz, Denis and Hruban, Ralph H.},
	journal = {The American Journal of Surgical Pathology},
	doi = {10.1097/PAS.0000000000002245},
	issn = {0147-5185},
	pages = {10.1097/PAS.0000000000002245},
	title = {PanIN or {IPMN}? {Redefining} {Lesion} {Size} in 3 {Dimensions}},
}
@misc{Triage,
	note = {[Online; accessed 2024-10-09]},
	title = {Triage of 3D pathology data via 2.5D multiple-instance learning to guide pathologist assessments},
	url = {https://arxiv.org/html/2406.07061v1},
	howpublished = {https://arxiv.org/html/2406.07061v1},
}
@article{Winetraub2021OCT2Hist,
	author = {Winetraub, Yonatan and Yuan, Edwin and Terem, Itamar and Yu, Caroline and Chan, Warren and Do, Hanh and Shevidi, Saba and Mao, Maiya and Yu, Jacqueline and Hong, Megan and Blankenberg, Erick and Rieger, Kerri E. and Chu, Steven and Aasi, Sumaira and Sarin, Kavita Y. and Zerda, Adam},
	doi = {10.1101/2021.03.31.21254733},
	year = {2021},
	month = {apr 6},
	note = {page: 2021.03.31.21254733},
	publisher = {medRxiv},
	title = {OCT2Hist: Non-{Invasive} {Virtual} {Biopsy} {Using} {Optical} {Coherence} {Tomography}},
	url = {https://www.medrxiv.org/content/10.1101/2021.03.31.21254733v1},
}
@article{Liu2023Engineering,
	author = {Liu, Jonathan Tc and Chow, Sarah Sl and Colling, Richard and Downes, Michelle R and Farr{\' e}, Xavier and Humphrey, Peter and Janowczyk, Andrew and Mirtti, Tuomas and Verrill, Clare and Zlobec, Inti and True, Lawrence D},
	journal = {The Journal of Pathology: Clinical Research},
	doi = {10.1002/cjp2.347},
	issn = {2056-4538, 2056-4538},
	year = {2023},
	month = {nov 2},
	pages = {cjp2.347},
	title = {Engineering the future of \textsc{3D} pathology},
}
@article{Song2023Weakly,
	author = {Song, Andrew H. and Williams, Mane and Williamson, Drew F. K. and Jaume, Guillaume and Zhang, Andrew and Chen, Bowen and Serafin, Robert and Liu, Jonathan T. C. and Baras, Alex and Parwani, Anil V. and Mahmood, Faisal},
	journal = {ArXiv},
	issn = {2331-8422},
	year = {2023},
	month = {jul 27},
	note = {PMID: 37547660
PMCID: PMC10402184},
	pages = {arXiv:2307.14907v1},
	title = {Weakly {Supervised} {AI} for {Efficient} {Analysis} of 3D {Pathology} {Samples}},
}
@article{Susaki2014Whole,
	author = {Susaki, Etsuo A. and Tainaka, Kazuki and Perrin, Dimitri and Kishino, Fumiaki and Tawara, Takehiro and Watanabe, Tomonobu M. and Yokoyama, Chihiro and Onoe, Hirotaka and Eguchi, Megumi and Yamaguchi, Shun and Abe, Takaya and Kiyonari, Hiroshi and Shimizu, Yoshihiro and Miyawaki, Atsushi and Yokota, Hideo and Ueda, Hiroki R.},
	journal = {Cell},
	doi = {10.1016/j.cell.2014.03.042},
	issn = {00928674},
	number = {3},
	year = {2014},
	month = {4},
	pages = {726--739},
	title = {Whole-{Brain} {Imaging} with {Single}-{Cell} {Resolution} {Using} {Chemical} {Cocktails} and {Computational} {Analysis}},
	volume = {157},
}
@article{Hong2020Three,
	author = {Hong, Seung-Mo and Jung, DongJun and Kiemen, Ashley and Gaida, Matthias M. and Yoshizawa, Tadashi and Braxton, Alicia M. and No{\" e}, Micha{\" e}l and Lionheart, Gemma and Oshima, Kiyoko and Thompson, Elizabeth D. and Burkhart, Richard and Wu, Pei-Hsun and Wirtz, Denis and Hruban, Ralph H. and Wood, Laura D.},
	journal = {Modern Pathology},
	doi = {10.1038/s41379-019-0409-3},
	issn = {08933952},
	number = {4},
	year = {2020},
	month = {4},
	pages = {639--647},
	title = {Three-dimensional visualization of cleared human pancreas cancer reveals that sustained epithelial-to-mesenchymal transition is not required for venous invasion},
	volume = {33},
}
@article{Koyuncu2023Visual,
	author = {Koyuncu, Can and Janowczyk, Andrew and Farre, Xavier and Pathak, Tilak and Mirtti, Tuomas and Fernandez, Pedro L. and Pons, Laura and Reder, Nicholas P. and Serafin, Robert and Chow, Sarah S.L. and Viswanathan, Vidya S. and Glaser, Adam K. and True, Lawrence D. and Liu, Jonathan T.C. and Madabhushi, Anant},
	journal = {Laboratory Investigation},
	doi = {10.1016/j.labinv.2023.100265},
	issn = {00236837},
	number = {12},
	year = {2023},
	month = {12},
	pages = {100265},
	title = {Visual {Assessment} of 2-{Dimensional} {Levels} {Within} 3-{Dimensional} {Pathology} {Data} {Sets} of {Prostate} {Needle} {Biopsies} {Reveals} {Substantial} {Spatial} {Heterogeneity}},
	volume = {103},
}
@article{Crawford2024Combined,
	author = {Crawford, Ashleigh J. and Forjaz, Andr{\' e} and Bons, Joanna and Bhorkar, Isha and Roy, Triya and Schell, David and Queiroga, Vasco and Ren, Kehan and Kramer, Donald and Huang, Wilson and Russo, Gabriella C. and Lee, Meng-Horng and Wu, Pei-Hsun and Shih, Ie-Ming and Wang, Tian-Li and Atkinson, Mark A. and Schilling, Birgit and Kiemen, Ashley L. and Wirtz, Denis},
	journal = {Science Advances},
	doi = {10.1126/sciadv.adp6285},
	number = {39},
	year = {2024},
	month = {sep 27},
	note = {publisher: American Association for the Advancement of Science},
	pages = {eadp6285},
	title = {Combined assembloid modeling and 3D whole-organ mapping captures the microanatomy and function of the human fallopian tube},
	volume = {10},
}
@article{Kiemen2023Tissue,
	author = {Kiemen, Ashley L. and Damanakis, Alexander Ioannis and Braxton, Alicia M. and He, Jin and Laheru, Daniel and Fishman, Elliot K. and Chames, Patrick and P{\' e}rez, Cristina Almagro and Wu, Pei-Hsun and Wirtz, Denis and Wood, Laura D. and Hruban, Ralph H.},
	journal = {Med},
	doi = {10.1016/j.medj.2022.11.009},
	issn = {26666340},
	number = {2},
	year = {2023},
	month = {2},
	pages = {75--91},
	title = {Tissue clearing and 3D reconstruction of digitized, serially sectioned slides provide novel insights into pancreatic cancer},
	volume = {4},
}
@article{Bishop2024end,
	note = {[Online; accessed 2024-01-25]},
	author = {Bishop, Kevin W. and Erion Barner, Lindsey A. and Han, Qinghua and Baraznenok, Elena and Lan, Lydia and Poudel, Chetan and Gao, Gan and Serafin, Robert B. and Chow, Sarah S. L. and Glaser, Adam K. and Janowczyk, Andrew and Brenes, David and Huang, Hongyi and Miyasato, Dominie and True, Lawrence D. and Kang, Soyoung and Vaughan, Joshua C. and Liu, Jonathan T. C.},
	journal = {Nature Protocols},
	doi = {10.1038/s41596-023-00934-4},
	issn = {1754-2189, 1750-2799},
	year = {2024},
	month = {jan 23},
	title = {An end-to-end workflow for nondestructive 3D pathology},
	url = {https://www.nature.com/articles/s41596-023-00934-4},
	howpublished = {https://www.nature.com/articles/s41596-023-00934-4},
}
@article{KiemenHighResolution,
	author = {Kiemen, Ashley L and Forjaz, Andr{\' e} and Sousa, Ricardo and Han, Kyu Sang and Hruban, Ralph H and Wood, Laura D and Wu, PeiHsun and Wirtz, Denis},
	journal = {Advanced Materials Technologies},
	issn = {2365-709X},
	note = {publisher: Wiley Online Library},
	pages = {2301837},
	title = {HighResolution 3D {Printing} of {Pancreatic} {Ductal} {Microanatomy} {Enabled} by {Serial} {Histology}},
}
@article{Tempest2020Histological,
	author = {Tempest, Nicola and Jansen, Marnix and Baker, AnnMarie and Hill, Christopher J and Hale, Mike and Magee, Derek and Treanor, Darren and Wright, Nicholas A and Hapangama, Dharani K},
	journal = {The Journal of pathology},
	issn = {0022-3417},
	number = {4},
	year = {2020},
	note = {publisher: Wiley Online Library},
	pages = {440--451},
	title = {Histological 3D reconstruction and in vivo lineage tracing of the human endometrium},
	volume = {251},
}
@article{Barmpoutis2021Tertiary,
	author = {Barmpoutis, Panagiotis and Di Capite, Matthew and Kayhanian, Hamzeh and Waddingham, William and Alexander, Daniel C and Jansen, Marnix and Kwong, Francois Ng Kee},
	journal = {Plos one},
	issn = {1932-6203},
	number = {9},
	year = {2021},
	note = {publisher: Public Library of Science San Francisco, CA USA},
	pages = {e0256907},
	title = {Tertiary lymphoid structures ({TLS}) identification and density assessment on {H}\&{E}-stained digital slides of lung cancer},
	volume = {16},
}
@article{Kiemen2024Magnetic,
	author = {Kiemen, Ashley L and Dbouk, Mohamad and Abou Diwan, Elizabeth and Forjaz, Andr{\' e} and Dequiedt, Lucie and Baghdadi, Azarakhsh and Madani, Seyedeh Panid and Grahn, Mia P and Jones, Craig and Vedula, Swaroop},
	journal = {Pancreas},
	issn = {0885-3177},
	year = {2024},
	note = {publisher: LWW},
	pages = {10--1097},
	title = {Magnetic {Resonance} {Imaging}--{Based} {Assessment} of {Pancreatic} {Fat} {Strongly} {Correlates} {With} {Histology}-{Based} {Assessment} of {Pancreas} {Composition}},
}
@article{Liu2021Harnessing,
	author = {Liu, Jonathan TC and Glaser, Adam K and Bera, Kaustav and True, Lawrence D and Reder, Nicholas P and Eliceiri, Kevin W and Madabhushi, Anant},
	journal = {Nature biomedical engineering},
	issn = {2157-846X},
	number = {3},
	year = {2021},
	note = {publisher: Nature Publishing Group UK London},
	pages = {203--218},
	title = {Harnessing non-destructive 3D pathology},
	volume = {5},
}
@article{Onozato2012role,
	author = {Onozato, Maristela L and Klepeis, Veronica E and Yagi, Yukako and Mino-Kenudson, Mari},
	journal = {Analytical Cellular Pathology},
	issn = {2210-7177},
	number = {2},
	year = {2012},
	note = {publisher: IOS Press},
	pages = {79--84},
	title = {A role of three-dimensional (3D)-reconstruction in the classification of lung adenocarcinoma},
	volume = {35},
}
@article{Langer2019Modeling,
	author = {Langer, Ellen M and Allen-Petersen, Brittany L and King, Shelby M and Kendsersky, Nicholas D and Turnidge, Megan A and Kuziel, Genevra M and Riggers, Rachelle and Samatham, Ravi and Amery, Taylor S and Jacques, Steven L},
	journal = {Cell reports},
	issn = {2211-1247},
	number = {3},
	year = {2019},
	note = {publisher: Elsevier},
	pages = {608--623},
	title = {Modeling tumor phenotypes in vitro with three-dimensional bioprinting},
	volume = {26},
}
@article{Matos2025CODAvision,
	author = {Matos-Romero, Valentina and G{\' o}mez-Becerril, Jaime and Forjaz, Andr{\' e} and Dequiedt, Lucie and Newton, Tyler and Joshi, Saurabh and Shen, Yu and Hanna, Eban and Nair, Praful and Sivasubramanian, Arrun and Wang, Jenny S. H. and Lasse-Opsahl, Emily L. and Bell, Alexander T. F. and Czum, Julianna and Steenbergen, Charles and Dai, Dao-Fu and Wood, Laura D. and Kagohara, Luciane T. and Fertig, Elana J. and Magliano, Marina Pasca and Shatzel, Joseph J. and McCarty, Owen J. T. and Lo, Jamie O. and Rosenberg, Avi and Hruban, Ralph H. and Mu{\~ n}oz-Barrutia, Arrate and Wirtz, Denis and Kiemen, Ashley L.},
	doi = {10.1101/2025.04.11.648464},
	year = {2025},
	month = {apr 14},
	note = {page: 2025.04.11.648464
section: New Results},
	publisher = {bioRxiv},
	title = {CODAvision: best practices and a user-friendly interface for rapid, customizable segmentation of medical images},
	url = {https://www.biorxiv.org/content/10.1101/2025.04.11.648464v1},
}
@article{Xue2022Mechanical,
	author = {Xue, Yingchao and Lyu, Chenyi and Taylor, Ainsley and Van Ee, Amy and Kiemen, Ashley and Choi, YoungGeun and Khavanian, Nima and Henn, Dominic and Lee, Chaewon and Hwang, Lisa and Wier, Eric and Wang, Saifeng and Lee, Sam and Li, Ang and Kirby, Charles and Wang, Gaofeng and Wu, Pei-Hsun and Wirtz, Denis and Garza, Luis A. and Reddy, Sashank K.},
	journal = {Science Advances},
	doi = {10.1126/sciadv.abl8698},
	number = {17},
	year = {2022},
	month = {apr 27},
	note = {publisher: American Association for the Advancement of Science},
	pages = {eabl8698},
	title = {Mechanical tension mobilizes {Lgr6}+ epidermal stem cells to drive skin growth},
	volume = {8},
}
@article{Yang2022Engineered,
	author = {Yang, Huilin and Karl, Michelle N. and Wang, Wentao and Starich, Bartholomew and Tan, Haotian and Kiemen, Ashley and Pucsek, Alexandra B. and Kuo, Yun-Huai and Russo, Gabriella C. and Pan, Tim and Jaffee, Elizabeth M. and Fertig, Elana J. and Wirtz, Denis and Spangler, Jamie B.},
	journal = {Molecular Therapy},
	doi = {10.1016/j.ymthe.2022.07.008},
	issn = {1525-0016, 1525-0024},
	number = {11},
	year = {2022},
	month = {nov 2},
	note = {publisher: Elsevier
PMID: 35841152},
	pages = {3430--3449},
	title = {Engineered bispecific antibodies targeting the interleukin-6 and -8 receptors potently inhibit cancer cell migration and tumor metastasis},
	volume = {30},
}
@article{Forjaz2025Integration,
	author = {Forjaz, Andr{\' e} and Kramer, Donald and Shen, Yu and Bea, Habin and Tsapatsis, Margarita and Ping, Jianglu and Queiroga, Vasco and San, Kyu Han and Joshi, Saurabh and Grubel, Casey and Beery, Maria L. and Kusmartseva, Irina and Atkinson, Mark and Kiemen, Ashley L. and Wirtz, Denis},
	doi = {10.1101/2025.03.31.646356},
	year = {2025},
	month = {apr 4},
	note = {page: 2025.03.31.646356
section: New Results},
	publisher = {bioRxiv},
	title = {Integration of nuclear morphology and 3D imaging to profile cellular neighborhoods},
	url = {https://www.biorxiv.org/content/10.1101/2025.03.31.646356v1},
}
@article{OBrien2024Skin,
	author = {O\textquoteright{}Brien, Jennifer and Niehaus, Peter and Chang, Koping and Remark, Juliana and Barrett, Joy and Dasgupta, Abhishikta and Adenegan, Morayo and Salimian, Mohammad and Kevas, Yanni and Chandrasekaran, Krish and Kristian, Tibor and Chellappan, Rajeshwari and Rubin, Samuel and Kiemen, Ashley and Lu, Catherine Pei-Ju and Russell, James W and Ho, Cheng-Ying},
	journal = {Brain},
	doi = {10.1093/brain/awae100},
	issn = {0006-8950},
	number = {10},
	year = {2024},
	month = {oct 1},
	pages = {3471--3486},
	title = {Skin keratinocyte-derived {SIRT1} and {BDNF} modulate mechanical allodynia in mouse models of diabetic neuropathy},
	volume = {147},
}
@article{Kiemen2023Intraparenchymal,
	author = {Kiemen, Ashley L and Choi, YoungGeun and Braxton, Alicia M and Almagro P{\' e}rez, Cristina and Graham, Sarah and Grahn, Mia P and Nanda, Neha and Roberts, Nicholas and Wood, Laura and Wu, PeiHsun and Hruban, Ralph H and Wirtz, Denis},
	journal = {Histopathology},
	doi = {10.1111/his.14839},
	issn = {0309-0167, 1365-2559},
	number = {3},
	year = {2023},
	month = {2},
	pages = {504--506},
	title = {Intraparenchymal metastases as a cause for local recurrence of pancreatic cancer},
	volume = {82},
}
@article{Groot2021Characterization,
	author = {de Groot, Amber E. and Myers, Kayla V. and Krueger, Timothy E. G. and Kiemen, Ashley L. and Nagy, Natalia H. and Brame, Alexandria and Torres, Vicente E. and Zhang, Zhongyuan and Trabzonlu, Levent and Brennen, W. Nathaniel and Wirtz, Denis and De Marzo, Angelo M. and Amend, Sarah R. and Pienta, Kenneth J.},
	journal = {The Prostate},
	doi = {10.1002/pros.24139},
	issn = {1097-0045},
	number = {10},
	year = {2021},
	note = {\textunderscore{}eprint: https://onlinelibrary.wiley.com/doi/pdf/10.1002/pros.24139},
	pages = {629--647},
	title = {Characterization of tumor-associated macrophages in prostate cancer transgenic mouse models},
	volume = {81},
}
@article{Sneider2022Deep,
	author = {Sneider, Alexandra and Kiemen, Ashley and Kim, Joo Ho and Wu, Pei-Hsun and Habibi, Mehran and White, Marissa and Phillip, Jude M. and Gu, Luo and Wirtz, Denis},
	journal = {Biomaterials},
	doi = {10.1016/j.biomaterials.2022.121540},
	issn = {0142-9612},
	year = {2022},
	month = {jun 1},
	pages = {121540},
	title = {Deep learning identification of stiffness markers in breast cancer},
	volume = {285},
}
@article{Kiemen20243D,
	author = {Kiemen, Ashley L. and Almagro-P{\' e}rez, Cristina and Matos, Valentina and Forjaz, Andre and Braxton, Alicia M. and Dequiedt, Lucie and Parksong, Jeeun and Cannon, Courtney D. and Yuan, Xuan and Shin, Sarah M. and Babu, Jaanvi Mahesh and Thompson, Elizabeth D. and Cornish, Toby C. and Ho, Won Jin and Wood, Laura D. and Wu, Pei-Hsun and Barrutia, Arrate Mu{\~ n}oz and Hruban, Ralph H. and Wirtz, Denis},
	journal = {bioRxiv},
	doi = {10.1101/2024.08.03.606493},
	issn = {2692-8205},
	year = {2024},
	month = {aug 6},
	note = {PMID: 39149369
PMCID: PMC11326156},
	pages = {2024.08.03.606493},
	title = {3D histology reveals that immune response to pancreatic precancers is heterogeneous and depends on global pancreas structure},
}
@article{Kathiriya2024disrupted,
	note = {[Online; accessed 2025-04-23]},
	author = {Kathiriya, Irfan S. and Dominguez, Martin H. and Rao, Kavitha S. and Muncie-Vasic, Jonathon M. and Devine, W. Patrick and Hu, Kevin M. and Hota, Swetansu K. and Garay, Bayardo I. and Quintero, Diego and Goyal, Piyush},
	journal = {bioRxiv},
	year = {2024},
	title = {A disrupted compartment boundary underlies abnormal cardiac patterning and congenital heart defects},
	url = {https://pmc.ncbi.nlm.nih.gov/articles/PMC10871243/},
	howpublished = {https://pmc.ncbi.nlm.nih.gov/articles/PMC10871243/},
}
@article{Steele2020Multimodal,
	author = {Steele, Nina G. and Carpenter, Eileen S. and Kemp, Samantha B. and Sirihorachai, Veerin R. and The, Stephanie and Delrosario, Lawrence and Lazarus, Jenny and Amir, El-ad David and Gunchick, Valerie and Espinoza, Carlos and Bell, Samantha and Harris, Lindsey and Lima, Fatima and Irizarry-Negron, Valerie and Paglia, Daniel and Macchia, Justin and Chu, Angel Ka Yan and Schofield, Heather and Wamsteker, Erik-Jan and Kwon, Richard and Schulman, Allison and Prabhu, Anoop and Law, Ryan and Sondhi, Arjun and Yu, Jessica and Patel, Arpan and Donahue, Katelyn and Nathan, Hari and Cho, Clifford and Anderson, Michelle A. and Sahai, Vaibhav and Lyssiotis, Costas A. and Zou, Weiping and Allen, Benjamin L. and Rao, Arvind and Crawford, Howard C. and Bednar, Filip and Frankel, Timothy L. and Pasca Di Magliano, Marina},
	journal = {Nature Cancer},
	doi = {10.1038/s43018-020-00121-4},
	issn = {2662-1347},
	number = {11},
	year = {2020},
	month = {oct 26},
	pages = {1097--1112},
	title = {Multimodal mapping of the tumor and peripheral blood immune landscape in human pancreatic cancer},
	volume = {1},
}
@article{Wang2020Multiparametric,
	author = {Wang, Lixia and Gaddam, Srinivas and Wang, Nan and Xie, Yibin and Deng, Zixin and Zhou, Zhengwei and Fan, Zhaoyang and Jiang, Tao and Christodoulou, Anthony G. and Han, Fei and Lo, Simon K. and Wachsman, Ashley M. and Hendifar, Andrew Eugene and Pandol, Stephen J. and Li, Debiao},
	journal = {Frontiers in Physiology},
	doi = {10.3389/fphys.2020.00008},
	issn = {1664-042X},
	year = {2020},
	month = {feb 21},
	pages = {8},
	title = {Multiparametric {Mapping} {Magnetic} {Resonance} {Imaging} of {Pancreatic} {Disease}},
	volume = {11},
}
@article{Raphael2017Integrated,
	author = {Raphael, Benjamin J and Hruban, Ralph H and Aguirre, Andrew J and Moffitt, Richard A and Yeh, Jen Jen and Stewart, Chip and Robertson, A Gordon and Cherniack, Andrew D and Gupta, Manaswi and Getz, Gad},
	journal = {Cancer cell},
	issn = {1535-6108},
	number = {2},
	year = {2017},
	note = {publisher: Elsevier},
	pages = {185--203},
	title = {Integrated genomic characterization of pancreatic ductal adenocarcinoma},
	volume = {32},
}
@article{Moncada2020Integrating,
	author = {Moncada, Reuben and Barkley, Dalia and Wagner, Florian and Chiodin, Marta and Devlin, Joseph C. and Baron, Maayan and Hajdu, Cristina H. and Simeone, Diane M. and Yanai, Itai},
	journal = {Nature Biotechnology},
	doi = {10.1038/s41587-019-0392-8},
	issn = {1546-1696},
	number = {3},
	year = {2020},
	month = {3},
	note = {publisher: Nature Publishing Group},
	pages = {333--342},
	title = {Integrating microarray-based spatial transcriptomics and single-cell {RNA}-seq reveals tissue architecture in pancreatic ductal adenocarcinomas},
	volume = {38},
}
@techreport{Johnson2023Digitize,
	author = {Johnson, Jeanette A.I. and Stein-O\textquoteright{}Brien, Genevieve L. and Booth, Max and Heiland, Randy and Kurtoglu, Furkan and Bergman, Daniel R. and Bucher, Elmar and Deshpande, Atul and Forjaz, Andr{\' e} and Getz, Michael and Godet, Ines and Lyman, Melissa and Metzcar, John and Mitchell, Jacob and Raddatz, Andrew and Rocha, Heber and Solorzano, Jacobo and Sundus, Aneequa and Wang, Yafei and Gilkes, Danielle and Kagohara, Luciane T. and Kiemen, Ashley L. and Thompson, Elizabeth D. and Wirtz, Denis and Wu, Pei-Hsun and Zaidi, Neeha and Zheng, Lei and Zimmerman, Jacquelyn W. and Jaffee, Elizabeth M. and Chang, Young Hwan and Coussens, Lisa M. and Gray, Joe W. and Heiser, Laura M. and Fertig, Elana J. and Macklin, Paul},
	year = {2023},
	month = {sep 17},
	note = {DOI: 10.1101/2023.09.17.557982},
	institution = {Systems Biology},
	title = {Digitize your {Biology}! {Modeling} multicellular systems through interpretable cell behavior},
	type = {preprint},
	url = {http://biorxiv.org/lookup/doi/10.1101/2023.09.17.557982},
}
@article{He2020Integrating,
	author = {He, Bryan and Bergenstr{\r a}hle, Ludvig and Stenbeck, Linnea and Abid, Abubakar and Andersson, Alma and Borg, {\r A}ke and Maaskola, Jonas and Lundeberg, Joakim and Zou, James},
	journal = {Nature Biomedical Engineering},
	doi = {10.1038/s41551-020-0578-x},
	issn = {2157-846X},
	number = {8},
	year = {2020},
	month = {8},
	note = {publisher: Nature Publishing Group},
	pages = {827--834},
	title = {Integrating spatial gene expression and breast tumour morphology via deep learning},
	volume = {4},
}
@article{Longo2021Integrating,
	author = {Longo, Sophia K. and Guo, Margaret G. and Ji, Andrew L. and Khavari, Paul A.},
	journal = {Nature Reviews Genetics},
	doi = {10.1038/s41576-021-00370-8},
	issn = {1471-0064},
	number = {10},
	year = {2021},
	month = {10},
	note = {publisher: Nature Publishing Group},
	pages = {627--644},
	title = {Integrating single-cell and spatial transcriptomics to elucidate intercellular tissue dynamics},
	volume = {22},
}
@article{Distler2014Precursor,
	author = {Distler, M. and Aust, D. and Weitz, J. and Pilarsky, C. and Gr{\" u}tzmann, Robert},
	journal = {BioMed Research International},
	doi = {10.1155/2014/474905},
	issn = {2314-6141},
	number = {1},
	year = {2014},
	note = {\textunderscore{}eprint: https://onlinelibrary.wiley.com/doi/pdf/10.1155/2014/474905},
	pages = {474905},
	title = {Precursor {Lesions} for {Sporadic} {Pancreatic} {Cancer}: PanIN, {IPMN}, and {MCN}},
	volume = {2014},
}
@article{Lennon2014Early,
	author = {Lennon, Anne Marie and Wolfgang, Christopher L. and Canto, Marcia Irene and Klein, Alison P. and Herman, Joseph M. and Goggins, Michael and Fishman, Elliot K. and Kamel, Ihab and Weiss, Matthew J. and Diaz, Luis A. and Papadopoulos, Nickolas and Kinzler, Kenneth W. and Vogelstein, Bert and Hruban, Ralph H.},
	journal = {Cancer Research},
	doi = {10.1158/0008-5472.CAN-14-0734},
	issn = {0008-5472},
	number = {13},
	year = {2014},
	month = {jun 30},
	pages = {3381--3389},
	title = {The {Early} {Detection} of {Pancreatic} {Cancer}: What {Will} {It} {Take} to {Diagnose} and {Treat} {Curable} {Pancreatic} {Neoplasia}?},
	volume = {74},
}
@article{McGuigan2018Pancreatic,
	author = {McGuigan, Andrew and Kelly, Paul and Turkington, Richard C and Jones, Claire and Coleman, Helen G and McCain, R Stephen},
	journal = {World Journal of Gastroenterology},
	doi = {10.3748/wjg.v24.i43.4846},
	issn = {1007-9327},
	number = {43},
	year = {2018},
	month = {nov 21},
	note = {PMID: 30487695
PMCID: PMC6250924},
	pages = {4846--4861},
	title = {Pancreatic cancer: A review of clinical diagnosis, epidemiology, treatment and outcomes},
	volume = {24},
}
@article{Lin2023Multiplexed,
	author = {Lin, Jia-Ren and Wang, Shu and Coy, Shannon and Chen, Yu-An and Yapp, Clarence and Tyler, Madison and Nariya, Maulik K. and Heiser, Cody N. and Lau, Ken S. and Santagata, Sandro and Sorger, Peter K.},
	journal = {Cell},
	doi = {10.1016/j.cell.2022.12.028},
	issn = {0092-8674},
	number = {2},
	year = {2023},
	month = {jan 19},
	note = {PMID: 36669472
PMCID: PMC10019067},
	pages = {363--381.e19},
	title = {Multiplexed 3D atlas of state transitions and immune interaction in colorectal cancer},
	volume = {186},
}
@article{Song2024Analysis,
	author = {Song, Andrew H. and Williams, Mane and Williamson, Drew F.K. and Chow, Sarah S.L. and Jaume, Guillaume and Gao, Gan and Zhang, Andrew and Chen, Bowen and Baras, Alexander S. and Serafin, Robert and Colling, Richard and Downes, Michelle R. and Farr{\' e}, Xavier and Humphrey, Peter and Verrill, Clare and True, Lawrence D. and Parwani, Anil V. and Liu, Jonathan T.C. and Mahmood, Faisal},
	journal = {Cell},
	doi = {10.1016/j.cell.2024.03.035},
	issn = {00928674},
	number = {10},
	year = {2024},
	month = {5},
	pages = {2502--2520.e17},
	title = {Analysis of 3D pathology samples using weakly supervised {AI}},
	volume = {187},
}
@article{Serafin2023Nondestructive,
	author = {Serafin, Robert and Koyuncu, Can and Xie, Weisi and Huang, Hongyi and Glaser, Adam K and Reder, Nicholas P and Janowczyk, Andrew and True, Lawrence D and Madabhushi, Anant and Liu, Jonathan TC},
	journal = {The Journal of Pathology},
	doi = {10.1002/path.6090},
	issn = {1096-9896},
	number = {4},
	year = {2023},
	note = {\textunderscore{}eprint: https://onlinelibrary.wiley.com/doi/pdf/10.1002/path.6090},
	pages = {390--401},
	title = {Nondestructive 3D pathology with analysis of nuclear features for prostate cancer risk assessment},
	volume = {260},
}
@article{Marx2023Researchers,
	author = {Marx, Vivien},
	journal = {Nature Methods},
	doi = {10.1038/s41592-023-01834-x},
	issn = {1548-7105},
	number = {4},
	year = {2023},
	month = {4},
	note = {publisher: Nature Publishing Group},
	pages = {484--488},
	title = {Researchers dig into cancer niches},
	volume = {20},
}
@article{Coy20232D,
	author = {Coy, Shannon and Cheng, Brian and Lee, Jong Suk and Rashid, Rumana and Browning, Lindsay and Xu, Yilin and Chakrabarty, Sankha S. and Yapp, Clarence and Chan, Sabrina and Tefft, Juliann B. and Scott, Emily and Spektor, Alexander and Ligon, Keith L. and Baker, Gregory J. and Pellman, David and Sorger, Peter K. and Santagata, Sandro},
	journal = {bioRxiv: The Preprint Server for Biology},
	doi = {10.1101/2023.11.07.566063},
	year = {2023},
	month = {nov 11},
	note = {PMID: 37986801
PMCID: PMC10659270},
	pages = {2023.11.07.566063},
	title = {2D and 3D multiplexed subcellular profiling of nuclear instability in human cancer},
}
@article{Fukui2019Evaluation,
	author = {Fukui, Hideyuki and Hori, Masatoshi and Fukuda, Yasunari and Onishi, Hiromitsu and Nakamoto, Atsushi and Ota, Takashi and Ogawa, Kazuya and Ninomiya, Keisuke and Tatsumi, Mitsuaki and Osuga, Keigo and Yamada, Daisaku and Eguchi, Hidetoshi and Miyoshi, Eiji and Tomiyama, Noriyuki},
	journal = {European Journal of Radiology},
	doi = {10.1016/j.ejrad.2019.06.024},
	issn = {0720-048X},
	year = {2019},
	month = {sep 1},
	pages = {25--31},
	title = {Evaluation of fatty pancreas by proton density fat fraction using 3-{T} magnetic resonance imaging and its association with pancreatic cancer},
	volume = {118},
}
@article{Katsamenis2019X,
	author = {Katsamenis, Orestis L. and Olding, Michael and Warner, Jane A. and Chatelet, David S. and Jones, Mark G. and Sgalla, Giacomo and Smit, Bennie and Larkin, Oliver J. and Haig, Ian and Richeldi, Luca and Sinclair, Ian and Lackie, Peter M. and Schneider, Philipp},
	journal = {The American Journal of Pathology},
	doi = {10.1016/j.ajpath.2019.05.004},
	issn = {1525-2191},
	number = {8},
	year = {2019},
	month = {8},
	note = {PMID: 31125553
PMCID: PMC6680277},
	pages = {1608--1620},
	title = {X-ray {Micro}-{Computed} {Tomography} for {Nondestructive} {Three}-{Dimensional} (3D) {X}-ray {Histology}},
	volume = {189},
}
@article{Lee2022MAX,
	author = {Lee, Boram and Lee, Ju-Hyun and Kim, Dai Hyun and Kim, Eun Sil and Seo, Bo Kyoung and Rhyu, Im Joo and Sun, Woong},
	journal = {Scientific Reports},
	doi = {10.1038/s41598-022-23376-6},
	issn = {2045-2322},
	number = {1},
	year = {2022},
	month = {nov 14},
	note = {publisher: Nature Publishing Group},
	pages = {19508},
	title = {MAX: a simple, affordable, and rapid tissue clearing reagent for 3D imaging of wide variety of biological specimens},
	volume = {12},
}
@article{Kim2022Optimized,
	author = {Kim, Kitae and Na, Myeongsu and Oh, Kyoungjoon and Cho, Eunji and Han, Seung Seok and Chang, Sunghoe},
	journal = {Communications Biology},
	doi = {10.1038/s42003-022-03388-8},
	issn = {2399-3642},
	number = {1},
	year = {2022},
	month = {may 9},
	note = {publisher: Nature Publishing Group},
	pages = {1--10},
	title = {Optimized single-step optical clearing solution for 3D volume imaging of biological structures},
	volume = {5},
}
@article{Tomer2014Advanced,
	author = {Tomer, Raju and Ye, Li and Hsueh, Brian and Deisseroth, Karl},
	journal = {Nature Protocols},
	doi = {10.1038/nprot.2014.123},
	issn = {1750-2799},
	number = {7},
	year = {2014},
	month = {7},
	note = {publisher: Nature Publishing Group},
	pages = {1682--1697},
	title = {Advanced {CLARITY} for rapid and high-resolution imaging of intact tissues},
	volume = {9},
}
@article{Glaser2019Multi,
	author = {Glaser, Adam K. and Reder, Nicholas P. and Chen, Ye and Yin, Chengbo and Wei, Linpeng and Kang, Soyoung and Barner, Lindsey A. and Xie, Weisi and McCarty, Erin F. and Mao, Chenyi and Halpern, Aaron R. and Stoltzfus, Caleb R. and Daniels, Jonathan S. and Gerner, Michael Y. and Nicovich, Philip R. and Vaughan, Joshua C. and True, Lawrence D. and Liu, Jonathan T. C.},
	journal = {Nature Communications},
	doi = {10.1038/s41467-019-10534-0},
	issn = {2041-1723},
	number = {1},
	year = {2019},
	month = {jul 4},
	note = {publisher: Nature Publishing Group},
	pages = {2781},
	title = {Multi-immersion open-top light-sheet microscope for high-throughput imaging of cleared tissues},
	volume = {10},
}
@article{Ku2020Elasticizing,
	author = {Ku, Taeyun and Guan, Webster and Evans, Nicholas B. and Sohn, Chang Ho and Albanese, Alexandre and Kim, Joon-Goon and Frosch, Matthew P. and Chung, Kwanghun},
	journal = {Nature Methods},
	doi = {10.1038/s41592-020-0823-y},
	issn = {1548-7105},
	number = {6},
	year = {2020},
	month = {6},
	note = {publisher: Nature Publishing Group},
	pages = {609--613},
	title = {Elasticizing tissues for reversible shape transformation and accelerated molecular labeling},
	volume = {17},
}
@article{Vladimirov2024Benchtop,
	author = {Vladimirov, Nikita and Voigt, Fabian F. and Naert, Thomas and Araujo, Gabriela R. and Cai, Ruiyao and Reuss, Anna Maria and Zhao, Shan and Schmid, Patricia and Hildebrand, Sven and Schaettin, Martina and Groos, Dominik and Mateos, Jos{\' e} Mar{\' i}a and Bethge, Philipp and Yamamoto, Taiyo and Aerne, Valentino and Roebroeck, Alard and Ert{\" u}rk, Ali and Aguzzi, Adriano and Ziegler, Urs and Stoeckli, Esther and Baudis, Laura and Lienkamp, Soeren S. and Helmchen, Fritjof},
	journal = {Nature Communications},
	doi = {10.1038/s41467-024-46770-2},
	issn = {2041-1723},
	number = {1},
	year = {2024},
	month = {mar 27},
	note = {publisher: Nature Publishing Group},
	pages = {2679},
	title = {Benchtop {mesoSPIM}: a next-generation open-source light-sheet microscope for cleared samples},
	volume = {15},
}
@article{Otomo2024descSPIM,
	author = {Otomo, Kohei and Omura, Takaki and Nozawa, Yuki and Edwards, Steven J. and Sato, Yukihiko and Saito, Yuri and Yagishita, Shigehiro and Uchida, Hitoshi and Watakabe, Yuki and Naitou, Kiyotada and Yanai, Rin and Sahara, Naruhiko and Takagi, Satoshi and Katayama, Ryohei and Iwata, Yusuke and Shiokawa, Toshiro and Hayakawa, Yoku and Otsuka, Kensuke and Watanabe-Takano, Haruko and Haneda, Yuka and Fukuhara, Shigetomo and Fujiwara, Miku and Nii, Takenobu and Meno, Chikara and Takeshita, Naoki and Yashiro, Kenta and Rosales Rocabado, Juan Marcelo and Kaku, Masaru and Yamada, Tatsuya and Oishi, Yumiko and Koike, Hiroyuki and Cheng, Yinglan and Sekine, Keisuke and Koga, Jun-ichiro and Sugiyama, Kaori and Kimura, Kenichi and Karube, Fuyuki and Kim, Hyeree and Manabe, Ichiro and Nemoto, Tomomi and Tainaka, Kazuki and Hamada, Akinobu and Brismar, Hjalmar and Susaki, Etsuo A.},
	journal = {Nature Communications},
	doi = {10.1038/s41467-024-49131-1},
	issn = {2041-1723},
	number = {1},
	year = {2024},
	month = {jun 12},
	note = {publisher: Nature Publishing Group},
	pages = {4941},
	title = {descSPIM: an affordable and easy-to-build light-sheet microscope optimized for tissue clearing techniques},
	volume = {15},
}
@article{SaurabhInterpolAI,
	author = {{Saurabh Joshi, André Forjaz et al.}},
	title = {InterpolAI: Deep learning based optical flow interpolation and restoration of biomedical images for improved 3D tissue mapping},
}
@article{Marin2024navigate,
	author = {Marin, Zach and Wang, Xiaoding and Collison, Dax W. and McFadden, Conor and Lin, Jinlong and Borges, Hazel and Chen, Bingying and Mehra, Dushyant and Shen, Qionghua and Galecki, Seweryn and Daetwyler, Stephan and Fiolka, Reto and Dean, Kevin M.},
	doi = {10.1101/2024.02.09.579083},
	year = {2024},
	month = {feb 11},
	note = {page: 2024.02.09.579083
section: New Results},
	publisher = {bioRxiv},
	title = {navigate: an open-source platform for smart light-sheet microscopy},
	url = {https://www.biorxiv.org/content/10.1101/2024.02.09.579083v1},
}
@article{Fujikura2020Intraductal,
	author = {Fujikura, Kohei and Hutchings, Danielle and Braxton, Alicia M. and Zhu, Qingfeng and Laheru, Daniel A. and Hruban, Ralph H. and Thompson, Elizabeth D. and Wood, Laura D.},
	journal = {Modern Pathology},
	doi = {10.1038/s41379-020-0572-6},
	issn = {08933952},
	number = {10},
	year = {2020},
	month = {10},
	pages = {2026--2034},
	title = {Intraductal pancreatic cancer is less responsive than cancer in the stroma to neoadjuvant chemotherapy},
	volume = {33},
}
@article{Chen2016DeepLab,
	author = {Chen, Liang-Chieh and Papandreou, George and Kokkinos, Iasonas and Murphy, Kevin and Yuille, Alan L.},
	doi = {10.48550/ARXIV.1606.00915},
	year = {2016},
	note = {publisher: arXiv
version: 2},
	title = {DeepLab: Semantic {Image} {Segmentation} with {Deep} {Convolutional} {Nets}, {Atrous} {Convolution}, and {Fully} {Connected} {CRFs}},
	url = {https://arxiv.org/abs/1606.00915},
	howpublished = {https://arxiv.org/abs/1606.00915},
}

